2199 3546
239 162 306 210 62
549 191 556 200 -
679 160 780 210 DE
813 159 1115 213 NATURA
1146 159 1468 212 DEORUM.

239 262 562 320 mobilitate
604 261 897 320 celerrima
935 280 1085 320 csse..
1159 261 1287 332 Qua
1327 281 1387 320 re
1426 281 1562 320 cum
1592 261 1655 320 in
1696 262 1925 323 aethere

241 351 392 400 astra
418 343 745 419 gignantur,
770 350 1217 400 consentaneum
1252 349 1339 400 est
1364 343 1427 400 in
1459 343 1551 400 his
1584 363 1811 401 sensum
1845 344 1931 400 in-

242 441 362 480 esse
390 429 450 479 et
470 422 938 499 intellegentiam,
959 441 1028 480 ex
1058 441 1173 500 quo
1203 421 1446 480 efficitur
1464 423 1527 480 in
1556 423 1793 481 deorum
1823 443 1930 488 nu-

240 521 399 559 mero
427 509 580 559 astra
605 521 727 560 esse
755 501 1030 560 ducenda.
1117 501 1284 560 XVI.
1315 502 1548 561 Etenim
1577 501 1710 561 licet
1731 499 1931 562 videre

241 582 496 639 acutiora
521 582 753 659 ingenia
781 589 839 641 et
865 583 940 640 ad
967 582 1673 660 intellegendum-aptiora
1704 603 1923 656 eorum,

241 662 340 739 qui
367 669 544 720 terras
571 662 825 720 incolant
853 681 962 734 eaS,
986 663 1046 720 in
1076 663 1285 740 quibus
1312 669 1413 722 aer
1440 663 1516 720 sit
1543 681 1721 740 purus
1750 683 1817 721 ac
1843 671 1929 722 te-

239 743 383 813 nuis,
416 761 589 820 quam
629 742 875 813 illorum,
907 743 1006 819 qui
1048 749 1284 800 utantur
1324 761 1511 801 crasso
1553 742 1709 801 caelo
1751 751 1926 820 atque

239 831 522 880 concreto,
607 827 701 880 43.
739 821 893 892 Quin
935 823 1111 880 etiam
1144 822 1275 880 cibo
1311 841 1425 900 quo
1459 829 1621 880 utare
1651 823 1926 882 interesse

238 901 456 980 aliquid
491 902 564 959 ad
597 903 810 960 mentis
841 903 1022 960 aciem
1051 909 1275 979 putant.
1348 901 1667 960 'Probabile
1701 910 1789 961 est
1818 903 1927 980 igi-

237 989 334 1039 tur
353 988 737 1059 praestantem
760 982 1209 1058 intellegentiam
1234 983 1293 1040 in
1318 983 1597 1040 sideribus
1618 1002 1756 1053 esse,
1777 1002 1927 1060 quae

238 1069 298 1119 et
325 1060 636 1119 aetheriam
669 1068 890 1139 partem
925 1062 1131 1120 mundi
1158 1062 1429 1135 incolant,
1454 1071 1515 1120 et
1545 1063 1783 1121 marinis
1813 1071 1925 1120 ter-

237 1142 500 1218 renisque
541 1142 838 1199 umoribus
878 1142 1054 1219 longo
1088 1142 1387 1200 intervallo
1420 1143 1741 1200 extenuatis
1773 1142 1926 1200 alan-

235 1228 346 1279 tur.
431 1221 673 1279 Sensum
717 1229 910 1279 autem
953 1229 1234 1280 astrorum
1263 1230 1437 1300 atque
1470 1222 1922 1299 intellegentiam

235 1301 485 1360 maxime
506 1301 755 1359 declarat
776 1301 918 1360 ordo
947 1321 1147 1360 eorum
1174 1309 1347 1380 atque
1375 1302 1925 1360 constantia—nihil

237 1388 326 1439 est
353 1382 508 1439 enim
544 1381 699 1458 quod
726 1382 946 1440 ratione
981 1390 1039 1440 et
1067 1402 1307 1441 numero
1334 1383 1553 1443 moveri
1582 1383 1767 1460 possit
1798 1382 1925 1441 sine

237 1461 619 1519 consilio-—in
655 1481 770 1539 quo
802 1461 947 1520 nihil
981 1470 1068 1520 est
1102 1463 1484 1533 temerarium,
1508 1463 1651 1521 nihil
1682 1463 1920 1533 varium,

238 1541 380 1598 nihil
412 1541 736 1601 fortuitum.
820 1541 983 1600 Ordo
1024 1549 1219 1600 autem
1260 1543 1512 1601 siderum
1556 1551 1615 1600 et
1657 1543 1717 1600 in
1761 1543 1923 1601 omni

237 1622 575 1680 aeternitate
603 1623 926 1680 constantia
951 1641 1139 1700 neque
1171 1630 1435 1680 naturam
1470 1622 1926 1701 significat—est

237 1702 392 1760 enirn
434 1701 606 1780 plena
643 1702 1163 1780 rationis—neque
1201 1702 1515 1776 fortunam,
1552 1722 1697 1781 quae
1740 1703 1927 1761 amica

238 1783 498 1841 varietati
528 1783 908 1849 constantiam
936 1784 1170 1861 respuit.
1240 1782 1675 1863 Sequiturergo
1704 1791 1772 1843 ut
1796 1784 1925 1862 ipsa

239 1882 341 1921 sua
373 1870 596 1941 sponte,
621 1882 726 1922 suo
759 1880 927 1921 sensu
961 1882 1026 1921 ac
1055 1864 1358 1921 divinitate
1384 1872 1738 1923 moveantur.
1824 1870 1921 1923 44.

238 1942 360 2001 Nec
388 1963 522 2002 vero
550 1943 890 2001 Aristoteles
923 1962 1039 2001 non
1070 1942 1389 2001 laudandus
1420 1944 1482 2001 in
1516 1964 1585 2002 eo
1620 1944 1777 2023 quod
1804 1964 1927 2002 om·-

237 2024 350 2095 nia,
376 2043 521 2101 quae
549 2031 868 2096 moventur,
890 2032 990 2082 aut
1017 2030 1223 2081 natura
1248 2024 1467 2081 moveri
1496 2026 1719 2082 censuit
1746 2032 1847 2083 aut
1866 2026 1925 2084 vi

237 2110 339 2161 aut
365 2104 677 2174 voluntate,
700 2105 921 2162 moveri
949 2112 1143 2161 autem
1174 2104 1351 2162 solem
1382 2110 1441 2161 et
1468 2104 1662 2163 lunam
1693 2111 1753 2162 et
1780 2104 1927 2163 side-

237 2203 302 2241 ra
334 2184 560 2243 omnia:
605 2204 750 2262 quae
783 2191 975 2242 autem
1010 2192 1215 2241 natura
1245 2192 1627 2255 moverentur,
1651 2185 1791 2243 haec
1824 2193 1927 2243 aut

238 2264 492 2341 pondere
533 2264 801 2322 deorsum
835 2272 937 2327 aut
970 2264 1202 2321 levitate
1234 2267 1297 2321 in
1332 2264 1573 2323 sublime
1606 2265 1762 2337 ferri,
1786 2284 1927 2341 quo-

237 2362 365 2402 rum
399 2352 663 2402 neutrum
701 2344 868 2401 astris
900 2344 1278 2420 contingeret,
1307 2352 1612 2422 propterea
1644 2344 1800 2422 quod
1834 2364 1927 2403 eo-

238 2442 362 2481 rum
394 2433 588 2482 motus
615 2424 676 2480 in
709 2422 908 2481 orbem
941 2424 1269 2501 circumque
1296 2425 1555 2483 ferretur.
1640 2424 1763 2483 Nec
1789 2444 1926 2483 vero

237 2504 356 2562 dici
376 2511 569 2582 potest
590 2504 648 2560 vi
677 2503 924 2580 quadam
952 2504 1169 2562 maiore
1190 2504 1313 2562 fieri
1339 2512 1407 2562 ut
1434 2512 1635 2563 contra
1660 2510 1926 2563 naturam

239 2591 390 2641 astra
409 2589 761 2642 moveantur.
825 2582 984 2653 Quae
1006 2584 1161 2641 enirn
1183 2591 1377 2661 potest
1396 2585 1581 2643 maior
1600 2603 1721 2643 esse
1738 2586 1759 2643 2
1817 2584 1928 2643 Re-

239 2670 354 2721 stat
380 2664 562 2739 igitur
587 2670 654 2721 ut
679 2670 875 2721 motus
903 2670 1185 2722 astrorum
1214 2664 1291 2722 sit
1318 2664 1687 2723 voluntarius.
1764 2663 1927 2733 Quae

241 2743 338 2821 qui
360 2743 555 2801 videat
581 2762 698 2801 non
723 2743 956 2801 indocte
983 2744 1187 2814 solum,
1208 2762 1403 2802 verum
1432 2746 1606 2803 etiam
1635 2744 1814 2823 impie
1841 2744 1929 2803 fa-

239 2824 370 2894 ciat,
401 2824 451 2881 si
483 2823 623 2881 deos
653 2842 777 2881 esse
810 2832 996 2901 neget.
1082 2824 1204 2882 Nec
1238 2843 1372 2882 sane
1404 2825 1653 2884 multum
1685 2824 1927 2883 interest

239 2911 433 2961 utrum
468 2903 531 2961 id
562 2912 736 2981 neget
767 2923 838 2961 an
867 2904 972 2962 eos
1006 2904 1168 2962 omni
1199 2905 1601 2980 procuratione
1633 2910 1806 2981 atque
1838 2924 1926 2963 ac-

239 2984 400 3041 tione
432 2984 651 3060 privet:
693 2984 840 3041 mihi
873 2983 1027 3041 enim
1063 2984 1165 3061 qui
1196 2983 1341 3041 nihil
1370 2984 1491 3061 agit
1524 3002 1644 3043 esse
1686 2985 1925 3043 omnino

240 3082 356 3121 non
379 3063 619 3121 videtur.
696 3064 835 3123 Esse
856 3064 1034 3141 igitur
1061 3063 1201 3123 deos
1221 3064 1303 3121 ita
1322 3064 1687 3141 perspicuum
1715 3072 1820 3133 est,
1838 3072 1923 3136 ut,

240 3143 304 3202 id
319 3143 420 3221 qui
437 3151 625 3221 neget,
641 3144 736 3201 vix
755 3163 886 3201 eum
905 3162 1072 3202 sanae
1090 3143 1303 3202 mentis
1320 3144 1659 3202 existimem.
1722 3143 1923 3203 XVII.

241 3228 336 3282 45.
369 3223 571 3282 Restat
597 3231 664 3281 ut
692 3224 876 3304 qualis
907 3242 1105 3288 eorum
1140 3230 1345 3281 natura
1378 3224 1453 3283 sit
1480 3223 1922 3283 consideremus.
