2199 3546
211 164 302 209 100
653 161 753 209 DF,
786 160 1084 211 NATURA
1120 161 1441 211 DEORUM.

205 262 422 338 cipium
439 280 474 318 a
489 267 684 318 mente
702 260 915 319 ducens
929 260 1246 337 percipitur
1262 268 1321 317 et
1333 260 1614 317 funditur.
1664 258 1895 331 Deinde

205 342 267 399 in
297 360 394 398 ore
421 341 532 397 sita
557 340 756 415 lingua
783 347 870 398 est
898 340 1062 398 finita
1089 339 1377 398 dentibus·
1449 339 1535 397 Ea
1563 357 1762 397 vocem
1789 339 1895 395 im-

205 420 500 478 moderate
539 420 836 497 profusam
879 419 1050 497 fingit
1091 428 1151 477 et
1192 420 1463 478 terminat
1489 400 1677 495 latq'ue
1720 436 1895 475 sonos

206 500 363 557 vocis
389 500 694 557 distinctos
722 506 781 556 et
801 518 1026 575 pressos
1056 498 1247 570 efficit,
1264 518 1395 556 eum
1424 499 1498 557 ad
1518 498 1720 555 dentes
1740 504 1801 554 et
1820 497 1895 555 ad

207 579 344 637 alias
384 586 574 656 partes
615 578 778 656 pellit
821 579 951 637 oris,
1037 578 1241 657 Itaque
1274 578 1478 655 plectri
1512 577 1758 635 similem
1790 577 1896 634 lin-

207 676 379 736 guam
421 658 604 716 nostri
629 658 832 715 'solent
871 658 1078 729 dicere,
1102 658 1448 715 chordarum
1490 657 1707 728 denteS,
1733 676 1896 713 nares

208 738 474 796 cornibus
495 738 582 807 iis,
598 738 698 814 qui
719 738 794 795 ad
815 756 1018 796 nervos
1045 745 1317 795 resonant
1339 738 1399 793 in
1428 736 1704 795 cantibus,
1768 735 1892 794 LX.

164 850 169 859 ·
212 824 343 875 150.
369 817 555 887 Quam
578 836 711 875 vero
733 824 896 893 aptas
919 836 1207 894 quamque
1226 816 1539 873 multarum
1560 815 1771 873 artium
1793 815 1898 871 mi-

210 898 414 954 nistras
437 916 638 954 manus
660 904 862 954 natura
877 896 1105 954 homini
1121 896 1316 954 dedit!
1381 894 1719 972 Digitorum
1741 894 1895 952 enim

211 978 524 1035 contractio
552 976 740 1033 facilis
773 976 1073 1053 facilisque
1106 974 1394 1052 porrectio
1427 981 1664 1053 propter
1695 972 1897 1031 molles

211 1056 610 1113 commissuras
639 1063 696 1113 et
723 1063 880 1113 artus
908 1056 1068 1113 nullo
1095 1056 1157 1113 in
1186 1062 1353 1113 motu
1380 1054 1617 1112 laborat.
1694 1053 1897 1129 Itaque

211 1136 285 1193 ad
314 1135 689 1212 pingendum,
707 1136 783 1192 ad
802 1134 1156 1212 fingendum,
1178 1134 1253 1193 ad
1273 1134 1661 1211 scalpendum,
1682 1132 1757 1191 ad
1776 1151 1899 1190 ner-

213 1234 413 1271 vorum
447 1214 753 1272 eliciendos
786 1234 960 1272 sonos
991 1234 1058 1272 ae
1090 1214 1364 1272 tibiarum
1398 1221 1535 1291 apta
1573 1230 1779 1270 manus
1811 1218 1899 1271 est

213 1294 544 1351 admotione
573 1294 906 1370 digitorum.
977 1294 1177 1371 Atque
1198 1293 1339 1351 haec
1368 1292 1785 1363 oblectationis,
1802 1291 1901 1349 illa

213 1374 581 1444 necessitatiS,
595 1373 780 1431 cultus
801 1374 932 1431 dico
951 1392 1220 1450 agrorum
1243 1373 1769 1449 exstructionesqu'e
1788 1378 1901 1429 tec-

213 1461 422 1524 torum,
435 1459 768 1529 tegumenta
787 1472 1092 1529 corporum
1114 1452 1200 1510 vel
1217 1460 1377 1511 texta
1394 1452 1483 1509 vel
1502 1459 1629 1509 suta
1646 1470 1900 1509 omnem-

215 1552 326 1611 que
346 1532 623 1590 fabricam
651 1533 794 1590 aeris
821 1540 881 1591 et
901 1533 1072 1590 ferri:
1118 1552 1188 1591 ex
1211 1552 1326 1609 quo
1348 1531 1703 1609 intellegitur
1723 1530 1797 1587 ad
1816 1530 1901 1587 in-

215 1620 385 1671 venta
397 1613 608 1683 anime,
621 1621 889 1689 percepta
906 1612 1181 1684 sensibuS,
1198 1612 1475 1670 adhibitis
1494 1610 1766 1688 opificum
1786 1630 1902 1667 ma-

215 1693 386 1750 nibus
404 1692 598 1749 omnia
613 1710 719 1749 nos
736 1699 1090 1764 consecutos,
1108 1700 1174 1751 ut
1194 1692 1350 1762 teeti,
1368 1698 1435 1749 ut
1452 1691 1663 1761 vestiti,
1675 1697 1743 1747 ut
1759 1690 1902 1761 salvi

217 1793 338 1831 esse
367 1792 678 1849 possemne,
700 1772 882 1843 urbes,
903 1792 1115 1842 murce„
1134 1771 1445 1844 domicilia,
1468 1771 1707 1829 delubra
1732 1770 1903 1830 habe-

216 1872 421 1910 remus
498 1858 628 1910 151.
655 1852 777 1910 Iam
797 1872 928 1910 vero
951 1852 1221 1930 operibus
1240 1852 1563 1922 hominum,
1580 1852 1643 1908 id
1662 1857 1767 1921 est,
1786 1870 1903 1908 ma-

217 1933 388 1990 nibus
414 1932 528 1989 cibi
549 1933 724 1991 etiam
745 1932 986 1992 varietas
1008 1933 1296 1990 invenitur
1323 1939 1382 1990 et
1409 1931 1593 2007 copia.
1662 1930 1813 1988 Nam
1844 1938 1905 1988 et

219 2013 342 2088 agri
379 2012 561 2070 multa
601 2013 849 2070 efferunt
889 2031 1062 2070 manu
1099 2012 1373 2088 quaesita,
1399 2031 1544 2088 quae
1579 2010 1666 2068 vel
1704 2011 1901 2069 statim

219 2099 628 2149 consumantur
644 2092 732 2148 vel
749 2092 1093 2150 mandentur
1116 2092 1350 2150 condita
1366 2092 1655 2163 vetustati,
1671 2098 1731 2150 et
1746 2110 1904 2169 prae-

219 2178 374 2229 terea
394 2172 675 2229 vescimur
701 2171 898 2229 bestiis
926 2179 985 2229 et
1003 2172 1245 2230 terrenis
1272 2179 1331 2230 et
1358 2171 1703 2249 aquatilibus
1730 2177 1789 2229 et
1810 2191 1905 2228 vo-

221 2250 489 2320 latilibus,
515 2251 720 2327 partim
758 2251 1052 2327 capiend0‚
1077 2252 1290 2328 partim
1318 2251 1541 2310 alendo·
1609 2251 1905 2320 Efficimus

222 2330 396 2387 etiam
416 2330 642 2388 domitu
664 2337 862 2388 nostro
881 2330 1319 2407 quadrupedum
1336 2332 1642 2403 vectioneS,
1658 2349 1905 2408 quorum

223 2409 478 2467 celeritas
509 2417 682 2486 atque
712 2410 797 2466 vis
830 2411 997 2468 nobis
1025 2411 1167 2488 ipsis
1200 2412 1391 2470 adfert
1418 2413 1535 2476 vim
1570 2418 1630 2470 et
1656 2410 1906 2470 celerita-

221 2495 358 2546 tem.
402 2488 527 2546 Nos
555 2508 728 2547 onera
755 2490 1092 2567 quibusdam
1124 2491 1340 2562 bestiis
1364 2511 1471 2548 nos
1498 2492 1635 2568 iuga
1659 2490 1907 2567 imponi-

222 2587 368 2639 muS,
392 2587 498 2625 nos
531 2568 966 2646 elephantorum
999 2572 1345 2630 acutissimis
1382 2570 1655 2641 sensibus,
1679 2589 1787 2631 nos
1824 2587 1907 2626 sa-

221 2648 469 2724 gacitate
497 2667 700 2706 canum
735 2649 812 2708 ad
837 2650 1147 2708 utilitatem
1181 2658 1435 2710 nostram
1468 2649 1775 2720 abutimur,
1798 2666 1907 2705 nos

223 2747 255 2785 e
291 2735 472 2786 terrae
515 2729 767 2786 cavernis
804 2731 1022 2788 sermm
1063 2730 1338 2800 elicimuS,
1360 2749 1483 2787 rem
1523 2729 1597 2786 ad
1634 2727 1906 2786 colendos

223 2827 390 2884 agros
417 2809 808 2881 necessariam,
828 2828 935 2867 nos
962 2810 1123 2880 aeriS,
1143 2809 1381 2886 argenti,
1402 2808 1525 2867 auri
1553 2827 1723 2865 venas
1749 2806 1907 2884 peni-

223 2895 318 2946 tus
350 2887 574 2946 abditas
605 2889 930 2948 invenimus
962 2896 1022 2947 et
1053 2889 1129 2946 ad
1162 2908 1329 2946 usum
1362 2893 1526 2964 aptas
1558 2894 1617 2944 et
1644 2886 1719 2944 ad
1747 2904 1907 2943 orna-

221 2974 350 3025 tum
390 2968 640 3040 decoras,
671 2968 938 3026 arborum
987 2975 1183 3026 autem
1231 2967 1592 3030 consectione
1634 2965 1907 3041 omnique

221 3049 462 3106 materia
495 3056 554 3106 et
586 3047 741 3106 culta
773 3056 832 3106 et
866 3047 1111 3105 silvestri
1137 3047 1349 3123 partim
1382 3045 1457 3104 ad
1488 3044 1907 3103 calfaciendum

223 3147 430 3204 corpus
471 3127 595 3204 igni
627 3127 892 3185 adhibito
933 3133 994 3184 et
1025 3126 1099 3184 ad
1132 3125 1517 3202 mitigandum
1561 3124 1757 3182 cibum
1797 3123 1909 3181 uti-

225 3227 372 3279 mur,
393 3208 604 3284 partim
633 3207 714 3264 ad
735 3205 1173 3276 aedificandum,
1192 3212 1259 3263 ut
1285 3205 1453 3263 tectis
1481 3204 1662 3281 saepti
1690 3203 1910 3278 frigora
