2199 3546
19 184 38 263 -ὴ
29 5 41 71 -1

864 179 1239 240 CAP.11.-v.‚
1268 177 1297 237 ς
1320 179 1435 228 4-9.
1896 181 1995 232 25⁵

321 305 327 309 ·
391 281 496 340 IV.
581 279 634 339 7.
679 279 795 339 Sed
828 279 1226 351 Posidonium,
1256 279 1406 338 sicut
1437 297 1683 357 aequum
1722 285 1828 352 est,
1862 297 1997 338 cum

313 361 466 418 bona
490 360 676 437 gratia
707 360 1082 431 dimittamus,-
1108 359 1183 416 ad
1210 358 1524 436 Chrysippi
1551 359 1785 436 laqueos
1815 378 1997 418 rever-

311 448 514 498 tamur.
598 440 709 498 Oui
742 440 978 519 quidem
1009 440 1262 516 primum
1305 440 1378 497 de
1408 439 1537 516 ipsa
1574 459 1763 496 rerum
1805 445 1999 497 conta-.-

283 521 484 596 ·gione
536 521 998 596 respondeamus,
1048 519 1269 595 reliqua
1320 525 1522 595 postea
1573 537 1992 595 persequemur.

312 599 470 656 Inter
517 599 772 657 locorum
819 606 1052 656 naturas
1105 605 1385 675 quantum
1435 599 1661 656 intersit
1701 598 1993 655 videmus:

312 679 454 737 alios
485 698 608 736 esse
639 679 906 749 salubres,
937 678 1080 736 alios
1106 677 1471 754 pestilentes:
1512 678 1576 734 in
1606 677 1733 734 aliis
1765 696 1887 734 esse
1912 679 1998 754 pi·-

310 759 558 816 tuitosos
599 765 660 816 et
691 759 854 835 quasi
885 757 1289 827 redundanteS,
1318 758 1379 814 in
1410 757 1539 814 aliis
1572 757 1884 813 exsiccatos
1916 766 1997 813 at—

279 891 282 896 .
313 856 425 916 que
457 837 680 894 aridos:
722 837 1016 914 multaque
1050 843 1186 894 sunt
1210 837 1338 908 alia,
1362 855 1509 914 quae
1536 836 1688 894 inter
1713 835 1905 892 locum
1939 843 1997 893 et

311 918 504 975 locum
536 916 847 994 plurimum
880 916 1172 974 differunt.
1255 915 1504 974 Athenis
1544 922 1717 974 tenue
1758 915 1994 986 caelum,

313 1016 384 1054 ex
439 1015 553 1076 quo
609 997 780 1054 etiam
837 996 1119 1053 acutiores
1173 1003 1451 1072 putantur
1492 994 1694 1067 Attici,
1746 1013 1995 1052 crassum

313 1076 542 1148 Thebis,
566 1076 761 1153 itaque
787 1076 1034 1153 pingues
1059 1073 1320 1133 Thebani
1354 1081 1413 1134 et
1442 1074 1706 1133 valentes.
1778 1074 1995 1134 Tamen

312 1175 498 1234 neque
537 1155 682 1214 illud
721 1163 896 1216 tenue
939 1155 1157 1214 caelum
1204 1155 1426 1226 efficiet,
1458 1163 1525 1213 ut
1567 1163 1669 1213 aut
1708 1155 1996 1213 Zenonem

313 1237 442 1312 quis
473 1244 575 1293 aut
599 1235 916 1294 Arcesilam
949 1243 1052 1294 aut
1078 1235 1541 1312 Theophrastum
1574 1235 1787 1308 audiat,
1810 1253 1997 1313 neque

312 1334 580 1387 crassum,
615 1323 682 1372 ut
725 1315 944 1373 Nemea
987 1317 1183 1392 potius
1224 1334 1397 1392 quam
1439 1314 1663 1372 Isthmo
1698 1316 1995 1373 victoriam

311 1401 487 1472 petat.
565 1401 620 1452 8.
663 1394 946 1471 Disiunge
973 1394 1219 1470 longius
1291 1394 1447 1462 Quid
1473 1395 1627 1451 enim
1655 1395 1768 1452 loci
1794 1402 1997 1452 natura

313 1473 538 1531 adferre
569 1480 778 1549 potest,
800 1480 869 1530 ut
894 1475 956 1530 in
982 1473 1212 1550 porticu
1239 1472 1485 1550 Pompei
1513 1473 1707 1551 potius
1736 1492 1907 1550 quam
1934 1475 1996 1532 in

313 1571 522 1630 campo
547 1552 940 1610 ambulemus?
980 1559 1172 1609 tecum
1203 1571 1376 1629 quam
1404 1571 1535 1610 cum
1564 1552 1716 1610 alio?
1796 1553 1997 1611 Idibus

312 1633 509 1710 potius
549 1651 722 1710 quam
754 1631 1068 1690 Kalendis?
1148 1631 1238 1690 Ut
1268 1632 1449 1709 igitur
1486 1632 1563 1691 ad
1595 1631 1865 1711 quasdam
1908 1652 1999 1691 res

312 1720 516 1772 natura
540 1713 654 1772 loci
673 1712 924 1790 pertinet
947 1711 1182 1790 aliquid,
1206 1712 1282 1770 ad
1311 1712 1585 1791 quasdam
1612 1719 1805 1771 autem
1832 1711 1995 1786 nihil,

314 1794 397 1851 sic
429 1796 712 1853 astrorum
744 1793 997 1852 adfectio
1030 1793 1233 1865 valeat,
1264 1794 1312 1850 si
1345 1793 1448 1865 vis,
1478 1793 1554 1851 ad
1582 1794 1856 1870 quasdam
1886 1812 1994 1865 res,

314 1873 390 1930 ad
421 1891 622 1930 omnes
654 1880 808 1930 certe
837 1892 956 1930 non
988 1871 1215 1929 valebit.
1299 1871 1385 1930 At
1420 1872 1591 1944 enim,
1622 1872 1894 1949 quoniam
1934 1873 1997 1929 in

314 1952 534 2009 naturis
559 1950 696 2009 hom
704 1951 864 2009 inum
897 1950 1395 2009 dissimilitudines
1427 1958 1578 2021 sunt,
1610 1959 1676 2008 ut
1700 1950 1845 2009 alios
1877 1952 1999 2009 dul-

315 2032 420 2103 cia,
449 2030 592 2088 alios
625 2029 924 2088 subamara
955 2029 1257 2100 delectent,
1288 2030 1385 2087 alii
1417 2030 1728 2101 libidinosi,
1763 2030 1863 2089 alii
1893 2032 1999 2089 ira·

313 2110 492 2169 cundi
516 2117 620 2168 aut
644 2109 898 2167 crudeles
929 2117 1032 2167 aut
1058 2108 1289 2185 superbi
1322 2109 1456 2181 sint,
1479 2108 1577 2166 alii
1604 2110 1815 2168 talibus
1842 2111 1998 2170 vitiis

315 2190 690 2249 abhorreant:
735 2190 1006 2267 quoniam
1033 2189 1229 2265 igitur,
1253 2189 1458 2267 inquit,
1482 2196 1709 2247 tantum
1736 2186 1941 2249 na‘tura
1963 2210 1999 2249 a

314 2277 519 2328 natura
545 2270 737 2341 distat,
762 2269 904 2346 quid
929 2269 1143 2326 mirum
1170 2275 1257 2327 est
1276 2268 1381 2327 has
1406 2270 1901 2330 dissimilitudines
1928 2291 1997 2330 ex

314 2350 714 2409 differentibus
740 2350 924 2408 causis
952 2368 1074 2407 esse
1099 2349 1321 2408 factas?
1746 2390 1749 2395 -

395 2430 470 2491 V.
549 2436 602 2489 9.
647 2430 808 2488 Haec
835 2430 1119 2487 disserens
1147 2448 1261 2507 qua
1286 2430 1358 2489 de
1386 2449 1446 2488 re
1474 2437 1677 2508 agatur
1704 2436 1763 2489 et
1790 2430 1852 2488 in
1882 2450 1997 2508 quo

315 2528 485 2569 causa
515 2510 792 2568 consistat
817 2529 936 2567 non
963 2510 1139 2567 videt.
1182 2556 1187 2563 .
1222 2510 1281 2567 N
1282 2529 1357 2567 on
1386 2510 1559 2581 enim,
1584 2511 1633 2568 si
1664 2511 1761 2568 alii
1788 2510 1863 2568 ad
1888 2508 2000 2567 alia

315 2590 714 2666 propensiores
755 2596 889 2646 sunt
919 2596 1158 2667 propter
1198 2608 1393 2647 causas
1430 2590 1717 2647 naturales
1755 2596 1815 2647 et
1844 2598 2001 2647 ante-

316 2668 600 2739 cedentes,
629 2667 844 2725 idcirco
876 2669 1051 2727 etiam
1077 2675 1402 2726 nostrarum
1428 2668 1793 2729 voluntatum
1825 2675 1999 2747 atque

269 2780 276 2787 ·
315 2747 740 2824 appetitionum
773 2754 910 2805 sunt
941 2766 1143 2805 causae
1174 2748 1459 2806 naturales
1490 2754 1549 2806 et
1580 2748 1995 2807 antecedentes,

317 2826 472 2884 Nam
503 2825 650 2883 nihil
682 2833 831 2885 esset
856 2827 919 2884 in
951 2834 1149 2885 nostra
1172 2833 1474 2904 potestate,
1504 2828 1663 2885 si'ita
1694 2846 1785 2885 res
1816 2846 1877 2885 se
1902 2828 1999 2885 ha·

317 2904 493 2963 beret.
569 2904 740 2963 Nunc
767 2924 902 2964 vero
927 2907 1195 2978 fatemur,
1218 2907 1375 2964 acuti
1400 2906 1724 2976 hebetesne,
1748 2906 1999 2965 valentes

316 2983 664 3043 imbecilline
695 2985 890 3056 simus,
913 3004 1031 3042 non
1059 3004 1181 3043 esse
1207 2984 1270 3042 id
1299 2986 1361 3042 in
1392 2983 1573 3043 nobis.
1657 2984 1773 3054 Qui
1804 2993 1999 3043 autem

319 3082 486 3123 exeo
519 3063 651 3139 cogi
677 3070 862 3139 putat,
885 3083 958 3121 ne
990 3071 1057 3121 ut
1085 3065 1383 3122 sedeamus
1412 3064 1643 3141 quidem
1675 3071 1777 3122 aut
1804 3064 1997 3123 ambu-

286 3119 502 3201 Qmus
543 3142 856 3200 voluntatis
898 3161 1036 3215 esse,
1072 3142 1123 3200 is
1164 3162 1283 3200 non
1324 3142 1483 3200 videt
1525 3160 1669 3218 quae
1712 3162 1999 3225 quamque

320 3244 436 3281 rem
467 3243 558 3282 res
583 3229 978 3303 consequatur.
1061 3222 1153 3281 Ut
1179 3222 1333 3279 enim
1366 3229 1426 3279 et
1451 3218 1744 3297 ingeniosi
1761 3230 1829 3281 et.
1846 3222 1997 3285 tardi
