2199 3546
185 91 252 142 82
628 87 730 140 DE
760 87 1062 140 NATURA
1094 88 1414 139 DEORUM.

185 191 426 250 mortale
449 196 557 260 est,
577 187 642 247 id
661 207 774 247 ‘nec
800 188 978 247 habet
1003 209 1109 247 nec
1136 189 1371 247 exhibet
1398 189 1665 267 cuiquam
1695 209 1877 268 nego-

185 272 352 330 tium.
358 271 394 298 ''
474 233 703 327 XXXI.
749 269 820 326 In
853 270 960 326 hac
993 271 1077 326 ita
1108 270 1371 347 exposita
1405 270 1689 328 sententia
1731 277 1873 329 sunt

187 352 286 430 qui
313 351 657 421 existiment,
681 350 838 427 quod
859 349 989 406 ille
975 369 1075 406 ms.
1085 351 1200 406 itia
1228 348 1396 442 plane
1425 349 1698 426 loquendi
1720 351 1875 408 fece-

183 432 274 502 rit,
299 431 502 488 fecisse
535 430 834 488 consulto:
878 430 950 487 de
985 429 1219 486 homine
1252 429 1491 486 minime
1521 429 1684 487 vafro
1717 431 1873 488 male

182 510 528 568 existimant.
616 515 707 568 86.
743 509 1004 567 Dubium
1038 527 1097 566 es
1087 516 1127 566 ·t
1158 509 1311 566 enim
1356 516 1547 566 utrum
1584 509 1739 567 dicat
1771 511 1875 568 ali-

183 590 323 667 quid
359 590 468 648 iste
507 588 743 647 beatum
788 596 848 648 et
891 588 1212 646 immortale
1254 608 1343 659 an,
1376 589 1424 645 si
1470 589 1627 666 quod
1668 590 1745 647 sit
1779 583 1874 664 [id

181 688 302 727 esse
335 667 703 746 immortale}
789 669 923 726 Non
957 668 1425 726 animadvertunt
1456 668 1551 726 hic
1584 689 1718 727 eum
1752 689 1875 727 am-

180 748 354 826 bigue
381 748 639 807 locutum
669 768 806 820 esse,
831 749 932 806 sed
963 747 1158 805 multis
1190 748 1317 804 aliis
1351 748 1491 806 locis
1524 755 1583 806 et
1617 750 1779 807 illum
1808 757 1873 807 et

181 828 575 886 Metrodorum
608 835 728 886 tam
771 837 965 906 aperte
1008 847 1181 905 quam
1213 829 1387 904 paulo
1429 836 1562 886 ante
1599 837 1672 887 te.
1762 829 1870 887 Ille

181 928 316 966 vero
364 909 503 966 deos
543 927 665 966 esse
705 915 873 986 putat
911 927 1018 965 nec
1076 925 1400 985 quenquam
1442 907 1562 965 vidi
1608 908 1708 985 qui
1748 927 1869 966 ma-

179 988 270 1064 gis
310 1006 391 1059 ea,
424 1006 569 1065 quae
605 988 864 1046 timenda
903 1007 1026 1046 esse
1061 994 1312 1063 negaret,
1343 987 1588 1055 timeret,
1618 994 1867 1044 mortem
1934 1041 1939 1045 .

180 1067 312 1125 dico
355 1075 414 1126 et
454 1068 608 1126 deos,
694 1067 916 1137 Quibus
957 1067 1276 1125 mediocres
1319 1067 1583 1124 homines
1625 1086 1745 1124 non
1787 1068 1870 1125 ita

180 1147 344 1206 valde
386 1155 706 1219 moventur,
737 1148 830 1205 his
861 1147 956 1206 ille
989 1147 1199 1206 clamat
1232 1147 1490 1204 omnium
1534 1147 1867 1204 mortalium

179 1235 402 1286 mentes
457 1247 579 1286 esse
627 1229 972 1305 perterritas,
1076 1227 1193 1286 Tot
1241 1227 1402 1284 milia
1455 1226 1869 1285 latrocinantur

181 1315 366 1366 morte
421 1309 756 1387 proposita:
814 1307 912 1365 alii
971 1307 1181 1379 omnia,
1228 1325 1373 1384 quae
1427 1311 1687 1383 possunt,
1730 1307 1871 1365 fana

180 1388 512 1465 compilant.
597 1388 804 1461 Cred0,
835 1394 934 1447 aut
961 1387 1091 1446 illos
1123 1387 1329 1446 mortis
1361 1387 1538 1444 timor
1564 1394 1739 1445 terret
1768 1395 1870 1446 aut

179 1468 288 1526 hos
315 1468 624 1546 religionis.

263 1549 356 1606 87.
393 1549 510 1606 Sed
537 1549 810 1625 quoniam
844 1567 962 1605 non
995 1547 1365 1605 audes—iam
1396 1547 1547 1605 enim
1579 1565 1707 1605 cum
1740 1547 1869 1623 ipso

182 1627 432 1704 Epicuro
464 1628 957 1706 loquar—negare
990 1646 1112 1684 esse
1145 1627 1301 1698 deos,
1328 1624 1469 1703 quid
1502 1634 1589 1684 est
1618 1627 1776 1704 quod
1810 1634 1869 1684 te

181 1708 461 1785 impediat
503 1715 602 1765 aut
644 1708 821 1765 solem
865 1714 964 1764 aut
1004 1707 1286 1764 mundum
1329 1714 1429 1765 aut
1470 1713 1722 1764 mentem
1772 1707 1869 1762 ali-

184 1808 356 1865 quam
385 1790 787 1867 sempiternam
820 1789 879 1845 in
908 1788 1146 1845 deorum
1177 1795 1381 1845 natura
1408 1788 1655 1866 ponere?
1688 1787 1870 1844 Num

183 1887 354 1959 quam
384 1869 519 1941 vidi,
543 1869 751 1946 inquis,
776 1869 1028 1925 animam
1061 1868 1303 1925 rationis
1330 1868 1667 1945 consiliique
1696 1868 1869 1943 parti-

182 1948 368 2025 cipem
403 1950 463 2005 in
497 1948 614 2006 ulla
645 1948 756 2005 alia
786 1947 1185 2005 nisi-humana
1216 1946 1413 2024 Qura.
1498 1946 1691 2016 Quid?
1732 1947 1869 2004 solis

181 2029 600 2106 numquidnam
634 2036 735 2086 aut
761 2027 929 2085 lunae
962 2034 1062 2085 aut
1091 2028 1344 2105 quinque
1378 2028 1688 2085 errantium
1724 2027 1869 2085 side-

180 2127 307 2165 rum
337 2107 521 2165 simile
555 2109 786 2165 vidisti?
854 2106 953 2165 Sol
986 2108 1210 2166 duabus
1242 2108 1411 2165 unius
1453 2107 1609 2165 orbis
1649 2107 1868 2165 ultimis

180 2188 439 2265 partibus
493 2187 770 2245 definiens
823 2194 1048 2244 motum
1105 2207 1301 2245 cursus
1349 2206 1570 2246 annuos
1618 2187 1863 2247 conficit.

181 2266 373 2325 Huius
432 2267 580 2325 hanc
633 2268 1028 2325 lustrationem
1089 2268 1346 2326 eiusdem
1406 2268 1635 2326 insensa
1693 2268 1867 2325 radiis

181 2353 474 2406 menstruo
503 2347 690 2425 spatio
717 2346 853 2405 luna
879 2347 1149 2425 complet.
1222 2347 1490 2426 Quinque
1518 2356 1711 2407 autem
1740 2348 1869 2405 stel-

181 2428 268 2486 lae
323 2427 567 2486 eundem
619 2426 816 2485 orbem
849 2434 1129 2498 tenenteS,
1160 2427 1303 2485 aliae
1335 2429 1575 2507 propius
1616 2448 1651 2485 a
1681 2428 1863 2500 terriS,

181 2506 322 2564 aliae
355 2508 647 2578 remotiuS,
679 2506 751 2563 ab
784 2507 1000 2565 eisdem
1033 2507 1335 2585 principiis
1369 2507 1692 2585 disparibus
1725 2514 1867 2565 tem-

180 2586 416 2663 poribus
457 2586 656 2644 eadem
707 2586 894 2663 spatia
939 2587 1266 2645 conficiunt.
1351 2587 1510 2645 Num
1553 2588 1694 2665 quid
1735 2587 1863 2659 tale,

181 2666 442 2743 Epicure,
467 2666 700 2725 vidisti?
783 2672 876 2725 88.
921 2666 1012 2725 Ne
1054 2668 1129 2725 sit
1160 2667 1341 2744 igitur
1374 2667 1475 2739 sol,
1506 2688 1579 2725 ne
1611 2668 1763 2739 luna,
1794 2686 1865 2724 nc

181 2745 408 2803 stellae:
446 2747 717 2823 quoniam
761 2746 906 2803 nihil
948 2766 1069 2805 esse
1110 2754 1307 2824 potest
1340 2747 1450 2804 nisi
1486 2748 1642 2825 quod
1676 2748 1866 2824 attigi-

179 2845 310 2883 mus
345 2833 445 2901 aut
473 2825 736 2885 vidimus·
821 2825 1013 2895 Quid?
1054 2827 1227 2886 deum
1254 2827 1447 2903 ipsum
1482 2846 1697 2885 numne
1726 2828 1865 2884 vidi-

182 2906 318 2964 stiss-
361 2906 480 2965 Cur
510 2907 686 2983 igitur
713 2906 896 2964 credis
930 2909 1087 2964 esse?
1157 2905 1452 2963 Tollamus
1486 2926 1623 2982 ergo
1653 2908 1860 2978 omnia,

183 3004 326 3061 quae
367 2994 468 3043 aut
499 2986 739 3043 historia
777 2984 948 3041 nobis
988 2992 1090 3042 aut
1129 2985 1275 3041 ratio
1310 3004 1459 3041 nova
1486 2986 1689 3043 adfert.
1777 2985 1867 3043 Ita

180 3064 249 3121 fit
288 3072 356 3121 ut
394 3065 795 3122 mediterranei
835 3081 992 3121 mare
1039 3081 1161 3120 esse
1209 3081 1324 3119 non
1376 3064 1623 3121 credant.
1710 3063 1865 3133 Quae

183 3149 318 3201 sunt
353 3149 548 3201 tantae
589 3144 767 3201 animi
812 3142 1147 3216 angustiae?
1208 3140 1312 3211 Ut,
1344 3142 1392 3198 si
1430 3141 1658 3216 Seriphi
1698 3150 1865 3200 natus
