2199 3546
199 100 265 154 '18
698 99 804 167 DE,
828 100 1133 150 NATURA
1162 100 1489 151 DEORUM.

199 201 260 259 in
296 201 552 279 quinque
581 199 762 258 stellis
797 201 1137 272 errantibus,
1169 201 1328 278 quod
1360 201 1602 258 efficitur
1634 201 1694 258 in
1730 201 1895 258 caelo

201 281 442 358 singulis
475 279 678 338 diebus
711 287 771 338 et
801 281 1088 352 noctibus,
1112 282 1242 358 quis
1274 281 1335 339 in
1369 281 1468 338 illa
1494 280 1751 338 barbaria
1789 281 1896 338 du-

200 360 348 419 bitet
379 361 520 437 quin
549 379 618 417 ea
643 360 884 437 sphaera
911 362 986 419 sit
1018 361 1277 438 perfecta
1302 361 1559 419 ratione?
1624 361 1891 418 XXXV.
1968 397 1979 402 -

200 440 284 498 Hi
312 448 508 498 autem
535 439 808 498 dubitant
834 440 908 498 de
934 441 1173 511 mund0‚
1198 460 1267 498 ex
1300 459 1428 518 quo
1450 449 1510 498 et
1538 440 1803 498 oriuntur
1831 450 1893 498 et

199 519 348 578 fiunt
381 520 592 591 omnia,
623 539 830 578 casune
862 521 987 598 ipse
1027 521 1106 579 sit
1139 521 1379 578 effectus
1418 528 1521 578 aut
1550 521 1894 579 necessitate

199 600 392 677 aliqua
431 619 503 658 an
545 600 766 658 ratione
807 619 872 658 ac
913 607 1107 658 mente
1146 600 1345 657 divina
1364 607 1445 658 -et
1474 599 1887 658 Archimedem

199 680 550 741 arbitrantur
580 680 711 758 plus
737 679 984 737 valuisse
1015 681 1078 736 in
1112 679 1409 738 imitandis
1450 679 1720 756 sphaerae
1754 699 1892 737 con-

200 761 559 818 versionibus
593 779 766 837 quam
798 767 1060 818 naturam
1095 759 1159 817 in
1192 758 1885 836 efficiendis‚'praesertim

199 859 332 898 cum
366 840 566 899 multis
593 839 854 917 partibus
887 840 1006 897 sint
1031 839 1131 896 illa
1156 837 1621 916 perfecta-‘quam
1649 839 1793 899 haec
1818 841 1895 898 si-

199 921 420 977 mulata
459 919 759 978 sollertius,
841 925 939 977 89.
969 918 1157 996 Atqui
1190 918 1285 976 ille
1304 969 1307 974 .
1324 919 1483 995 apud
1515 919 1761 978 Accium
1792 939 1895 997 pa-

201 1006 338 1070 stor,
361 1000 460 1078 qui
480 1019 684 1057 navem
714 1017 1030 1076 numquam
1063 1005 1197 1056 ante
1220 999 1559 1069 vidis-scunt
1578 999 1781 1076 procul
1808 1000 1895 1058 di·

199 1079 400 1137 vinum
435 1086 494 1137 et
519 1097 734 1137 novum
764 1078 1086 1136 vehiculum
1119 1077 1590 1154 Argonautarum
1626 1099 1659 1137 e
1692 1087 1894 1139 monte

197 1160 516 1236 conspexit,
547 1159 735 1237 primo
769 1159 1058 1216 admirans
1097 1165 1159 1216 et
1191 1158 1528 1236 perterritus
1568 1158 1681 1218 hoc
1713 1159 1894 1218 modo

199 1238 487 1316 loquitur:

1049 1317 1219 1366 Tanta
1239 1317 1397 1367 moles
1416 1315 1619 1378 labitur,

395 1381 744 1432 Fremebunda
767 1396 831 1430 ex
853 1381 955 1430 alto
977 1381 1169 1442 ingenti
1192 1382 1356 1430 sonitu
1379 1390 1431 1430 et
1453 1382 1642 1444 spiritu.
1705 1399 1709 1403 ·

397 1449 528 1496 Prae
550 1463 602 1496 se
626 1447 784 1496 undas
801 1447 968 1508 volvit,
988 1447 1199 1496 vortices
1223 1447 1270 1494 vi
1292 1446 1532 1496 suscitat:

397 1514 520 1562 Ruit
543 1513 782 1574 prolapsa,
803 1511 1006 1574 pelagus
1030 1512 1285 1574 respergit,
1306 1512 1461 1562 reflat.
1518 1515 1523 1520 ”

398 1579 479 1626 Ita
497 1578 615 1626 dum
640 1578 970 1639 interruptum
993 1577 1165 1626 credas
1187 1578 1413 1625 nimbum
1435 1576 1637 1639 voivier,

397 1643 537 1692 Dum
559 1643 688 1706 quod
711 1643 921 1692 sublime
941 1643 1104 1692 ventis
1126 1642 1389 1704 expulsum
1413 1642 1522 1706 rapi

397 1709 588 1758 Saxum
611 1716 698 1756 aut
719 1708 948 1771 procellis
972 1708 1046 1756 vel
1069 1707 1301 1770 globosos
1319 1706 1541 1756 turbines

398 1771 656 1824 Exsistere
677 1776 802 1823 ictos
827 1773 970 1823 undis
992 1773 1428 1823 concursantibus:
1492 1792 1495 1795 ⁴

398 1840 509 1889 Nisi
531 1854 653 1903 quas
676 1848 930 1889 terrestres
955 1848 1135 1901 pontus
1160 1848 1349 1899 strages
1371 1839 1581 1900 conciet,

398 1906 508 1953 Aut
529 1907 656 1953 forte
673 1906 846 1953 Triton
866 1904 1059 1952 fuscina
1079 1913 1304 1952 evertens
1327 1918 1501 1965 specus

399 1971 581 2020 Subter
603 1969 790 2019 radices
817 1971 1012 2032 penitus
1037 1969 1245 2017 undanti
1268 1970 1321 2017 in
1344 1969 1475 2017 freto

399 2036 586 2086 Molem
612 2051 676 2084 ex
700 2035 945 2098 profundo
967 2040 1171 2083 saxeam
1196 2034 1259 2082 ad
1283 2035 1478 2083 caelum
1500 2034 1677 2083 evehit.

203 2168 450 2229 Dubitat
483 2168 671 2246 primo
715 2188 860 2246 quae
903 2168 978 2225 sit
1020 2188 1087 2226 ea
1126 2174 1348 2240 natura,
1382 2188 1555 2246 quam
1598 2168 1779 2225 cernit
1811 2166 1896 2243 ig-

204 2255 419 2319 notam,
456 2246 724 2326 idemque
766 2246 1069 2305 iuvenibus
1114 2248 1250 2305 visis
1299 2249 1612 2327 auditoque
1661 2247 1895 2304 nautico

203 2334 415 2385 cantu:

401 2447 594 2563 {iclagt
615 2446 756 2523 inciti
777 2453 928 2511 atque
949 2446 1139 2499 alacoes
1160 2448 1335 2498 rostris
1358 2449 1666 2513 perfremunt

455 2528 484 2563 e
502 2528 534 2576 p
571 2528 655 2562 uu.

205 2631 356 2689 Item
385 2630 495 2689 alia
522 2630 736 2690 multa:

1307 2708 1493 2757 Silvani
1517 2708 1649 2757 melo

403 2772 725 2823 Consimilem
747 2772 813 2821 ad
835 2786 978 2821 aures
997 2781 1202 2821 cantum
1226 2780 1277 2821 et
1298 2772 1522 2821 auditum
1546 2774 1712 2823 refert.

207 2914 303 2967 90.
339 2908 494 2985 Ergo
529 2913 595 2964 ut
625 2907 722 2963 hic
753 2905 942 2981 primo
985 2912 1221 2983 aspect-u
1255 2905 1574 2987 inanimum
1617 2905 1892 2983 quiddam

209 3005 492 3063 sensuque
519 3002 760 3042 vacuum
789 3002 848 3038 se
877 2989 1047 3057 putat
1067 3000 1310 3051 cernere,
1331 2990 1465 3058 post
1492 2991 1684 3043 autem
1712 2986 1893 3060 signis

209 3064 549 3121 certioribus
583 3062 748 3138 quale
789 3060 866 3117 sit
897 3060 975 3127 id,
1007 3060 1079 3116 de
1124 3080 1238 3135 quo
1276 3060 1657 3134 dubitaverat,
1688 3064 1895 3139 incipit

209 3142 502 3220 suspicari,
533 3141 613 3198 sic
645 3136 977 3217 philosophi
1011 3137 1353 3203 debuerunt‚·
1370 3140 1417 3195 si
1456 3141 1607 3197 forte
1648 3161 1750 3201 eos
1782 3144 1895 3219 pri-
