2199 3546
650 507 739 574 M.
785 511 1080 574 TULLII
1137 509 1608 576 CICERONIS

835 657 912 737 D
932 658 1005 738 E
1074 658 1146 738 F
1165 660 1241 739 A
1259 659 1331 739 T
1354 659 1427 739 Ο

572 829 809 880 LIBRI
853 828 1090 891 QUAE
1133 830 1318 880 MAN
1334 831 1688 882 SERUNT.

825 1060 1435 1113 ARGUMENTUM.

353 1158 467 1208 Hoc
488 1158 616 1208 libro
639 1158 714 1208 M.
735 1158 929 1207 Tullius
954 1160 1163 1222 exponit
1181 1175 1461 1212 sermonem
1484 1176 1515 1210 a
1537 1177 1589 1212 se
1611 1162 1838 1213 habitum
1860 1179 1973 1214 cnm

288 1224 354 1274 A.
376 1223 547 1272 Hirtio
574 1223 776 1273 consule
801 1223 1060 1285 designato
1085 1241 1135 1275 a.
1154 1241 1203 1275 u.
1221 1241 1264 1276 e.
1286 1230 1398 1288 710,
1421 1243 1466 1276 a.
1487 1235 1604 1277 ante
1628 1228 1746 1279 Chr.
1764 1238 1866 1278 nat.
1889 1231 1969 1290 44,

287 1297 401 1353 post
428 1288 487 1338 C.
517 1288 746 1338 Caesaris
777 1291 1033 1340 interitum
1066 1291 1119 1338 in
1145 1291 1423 1341 Puteolano
1457 1292 1520 1341 de
1545 1293 1667 1354 fato,
1695 1302 1750 1343 ut
1776 1296 1819 1342 is
1852 1295 1977 1344 liber

193 1373 204 1388 ·
289 1354 432 1418 qnasi
459 1354 856 1417 supplementum
883 1364 1012 1404 esset
1035 1356 1188 1404 trium
1211 1356 1448 1406 librorum
1475 1357 1538 1405 de
1564 1367 1745 1406 natura
1771 1359 1975 1408 deorum

288 1429 340 1468 et
371 1419 583 1468 duorum
617 1419 858 1468 librorum
890 1419 954 1468 de
987 1418 1306 1481 divinatione,
1336 1422 1467 1470 conf.
1494 1421 1578 1471 lib.
1608 1423 1667 1471 de
1694 1423 1847 1472 divin.
1875 1425 1971 1484 11.,

289 1499 397 1547 cap.
422 1488 466 1545 l,
491 1483 519 1543 ἓ
545 1487 593 1545 3,
620 1491 671 1532 et
693 1483 786 1532 hae
813 1484 1145 1547 disputatione
1173 1495 1348 1534 contra
1372 1486 1701 1535 Posidonium
1727 1498 1969 1550 suscepta,

289 1550 430 1599 euius
457 1549 618 1612 ipsum
643 1549 939 1612 principium
971 1550 1211 1598 amissum
1244 1558 1333 1612 est,
1363 1550 1541 1600 dooere
1566 1560 1788 1613 conatur,
1817 1555 1859 1601 si
1886 1553 1975 1602 fati

289 1613 482 1664 nullum
505 1622 634 1663 esset
656 1628 853 1675 nomen,
876 1613 1014 1662 nulla
1033 1624 1214 1663 natura
1235 1624 1285 1664 et
1307 1616 1397 1676 vis,
1419 1617 1462 1664 si
1480 1616 1621 1675 forte,
1643 1625 1842 1679 temere,
1858 1633 1973 1667 casu

290 1689 380 1729 aut
411 1680 646 1742 pleraque
681 1678 860 1728 fierent
893 1687 983 1728 aut
1018 1679 1203 1740 omnia,
1239 1695 1340 1728 non
1373 1680 1516 1730 aliter
1546 1696 1605 1730 ac
1641 1697 1773 1730 nunc
1807 1684 1977 1732 omnia

290 1755 544 1807 eventura,
574 1743 698 1793 nihil
731 1744 884 1805 igitur
917 1745 1129 1795 attinere
1160 1745 1409 1796 inculcare
1440 1745 1615 1808 fatum,
1652 1761 1749 1810 quo
1783 1748 1977 1799 sublato

290 1811 418 1859 ratio
439 1825 600 1861 rerum
625 1810 850 1859 omnium
878 1810 944 1859 ad
966 1819 1196 1859 naturam
1222 1811 1536 1861 fortunamve
1562 1812 1841 1874 referretur,
1864 1830 1973 1877 cap.

294 1878 407 1936 1-3,
437 1874 465 1934 ἓ
496 1878 608 1925 1-6.
679 1874 878 1925 Deinde
911 1876 1138 1939 sequitur
1164 1876 1433 1939 disputatio
1465 1892 1579 1926 oum
1608 1877 1887 1942 Chrysippo
1913 1880 1977 1929 de

292 1940 588 2002 contagione
616 1954 784 1989 rerum
811 1949 863 1989 et
889 1940 951 1990 de
977 1947 1186 1990 naturae
1212 1941 1575 2003 coniunctione,
1601 1957 1751 2005 quam
1774 1944 1975 2007 συμπά-

292 2006 430 2056 θειαν
454 2013 662 2054 vocant:
701 2020 800 2068 qua
827 2005 1002 2055 Cicero
1029 2005 1176 2055 docet
1204 2006 1331 2055 effici
1359 2014 1415 2055 ut
1440 2006 1526 2055 alii
1552 2007 1617 2055 ad
1644 2008 1743 2067 alia
1768 2022 1977 2072 propen-

293 2071 446 2120 siores
478 2071 578 2120 sint
611 2070 674 2118 ob
701 2085 874 2119 causas
906 2071 1157 2119 naturales
1190 2081 1241 2120 et
1268 2087 1433 2120 rerum
1466 2072 1843 2133 antecessioneS,
1876 2089 1974 2123 non

293 2150 411 2185 vero
438 2146 493 2185 ut
519 2135 828 2184 voluntatum
856 2144 1142 2185 nostrarum
1169 2145 1318 2199 atque
1344 2136 1704 2199 appetitionum
1728 2137 1849 2185 tales
1877 2139 1977 2187 sint

293 2215 488 2262 causae,
521 2215 628 2263 cap.
657 2202 772 2261 4-8,
811 2200 840 2260 §2
879 2203 1023 2251 7-16,
1095 2202 1209 2249 Iam
1248 2201 1313 2249 ad
1352 2201 1563 2251 Diodori
1602 2202 1710 2265 περὶ
1751 2198 1978 2252 δυνατῶν

295 2265 594 2315 sententiam
626 2280 680 2315 se
703 2266 850 2315 vertit
874 2266 999 2315 nihil
1025 2281 1169 2329 posse
1194 2266 1302 2314 fieri
1336 2267 1581 2316 censentis
1614 2266 1708 2315 nisi
1736 2268 1868 2330 quod
1896 2284 1978 2317 ve-

293 2344 403 2379 rum
426 2339 522 2391 aut·
535 2330 599 2379 sit
620 2339 709 2380 aut
729 2331 954 2380 futurum
978 2332 1059 2393 sit,
1081 2346 1189 2393 cap.
1209 2333 1256 2390 9,
1282 2330 1311 2391 5
1339 2334 1515 2382 17-20.
1577 2332 1709 2380 Tum
1732 2333 1797 2381 ad
1821 2333 1978 2396 Chry-

294 2396 488 2459 sippum
514 2396 674 2459 pergit
695 2396 766 2444 ita
787 2396 1195 2445 ratiocinantem:
1228 2396 1269 2444 si
1293 2397 1357 2445 sit
1374 2407 1537 2446 motus
1562 2397 1668 2447 sine
1688 2412 1853 2459 cansa,
1876 2414 1974 2446 non

293 2476 492 2510 omnem
531 2461 920 2510 enuntiationem
965 2471 1052 2511 aut
1089 2476 1258 2511 veram
1301 2472 1388 2511 aut
1429 2462 1605 2511 falsam
1651 2464 1786 2511 fore:
1839 2479 1972 2523 nam,

294 2526 426 2588 qnod
447 2540 548 2574 non
576 2525 758 2574 habeat
787 2541 960 2573 causas
987 2527 1270 2588 efficienteS,
1292 2527 1345 2575 id
1367 2542 1459 2575 nec
1481 2542 1650 2575 verum
1680 2541 1769 2574 nec
1795 2528 1975 2575 falsum

295 2590 428 2640 fore:
456 2599 650 2639 motum
671 2590 823 2651 igitur
846 2590 950 2638 sine
973 2605 1127 2639 causa
1147 2592 1338 2640 nullum
1361 2606 1483 2654 esse,
1508 2606 1609 2655 quo
1630 2592 1790 2653 posito
1813 2607 1975 2640 rernm

294 2656 713 2705 antecessionibus
747 2655 853 2705 fieri
889 2656 1087 2705 omnia:
1126 2656 1178 2705 id
1213 2657 1257 2705 si
1291 2658 1362 2705 ita
1396 2656 1475 2717 sit,
1509 2656 1613 2705 fato
1648 2656 1756 2705 fieri
1789 2658 1971 2706 omnia.

293 2720 380 2769 Ad
407 2721 531 2769 haec
560 2720 737 2770 Cicero
770 2720 997 2769 concedit
1023 2721 1225 2784 quidem
1252 2730 1443 2770 motum
1478 2720 1669 2769 nullum
1696 2721 1801 2769 sine
1828 2737 1978 2769 causa

293 2800 402 2834 esse
428 2799 590 2848 neque
609 2799 728 2836 vero
755 2800 1095 2849 quaecumque
1119 2787 1241 2835 fiant
1262 2786 1372 2836 fleri
1399 2786 1569 2835 omnia
1594 2786 1754 2835 causis
1780 2799 1978 2834 antece-

293 2849 536 2899 dentibus.
608 2850 896 2899 Voluntatis
917 2850 1051 2900 enim
1075 2862 1275 2901 nostrae
1298 2866 1396 2901 non
1421 2866 1529 2900 esse
1550 2866 1723 2900 causas
1747 2860 1977 2899 externus

293 2923 346 2964 et
367 2914 730 2977 antecedentes,
755 2930 863 2978 cap.
887 2918 1063 2976 10-12,
1088 2915 1116 2973 ξ
1142 2918 1320 2966 21-29.
1393 2916 1494 2965 Hic
1520 2916 1718 2965 disserit
1741 2916 1891 2965 etiam
1916 2917 1979 2965 de

293 2979 476 3040 ignava
501 2980 710 3041 ratione,
735 2980 787 3029 id
814 2987 888 3028 est
914 2980 977 3030 de
1004 2980 1145 3043 ἀργῷ
1169 2980 1322 3044 λόγῳ,
1346 2996 1444 3044 qua
1469 2981 1687 3029 admissa
1719 2996 1914 3029 omnem
1951 2996 1978 3030 e

293 3044 398 3094 vita
423 3045 530 3094 tolli
557 3045 804 3094 actionem
831 3043 1036 3094 liberam
1065 3044 1211 3094 docet
1234 3045 1495 3109 Chrysippi
1524 3055 1575 3095 et
1603 3046 1874 3097 Carneadis
1903 3062 1977 3094 ra-

293 3110 454 3159 tiones
476 3123 701 3173 sequens,
722 3124 829 3171 cap.
855 3112 1032 3171 13-16,
1056 3108 1084 3167 ξ
1109 3112 1288 3159 30-38.
1360 3111 1592 3175 Denique
1614 3126 1727 3159 cum
1752 3111 1880 3159 dnae
1902 3112 1979 3159 fu-

293 3173 447 3225 issent
485 3184 706 3224 veterum
743 3171 1149 3237 philosophorum
1193 3175 1483 3235 sententiae,
1522 3190 1621 3223 una
1664 3190 1853 3236 eorum,
1892 3177 1977 3239 qui
