2199 3546
489 126 631 176 LIB.
657 125 784 188 111„
811 123 972 176 CAP.
998 126 1574 193 XXXVI.-Xxxix.‚
1603 130 1633 192 §
1660 134 1840 184 87-92.
1922 136 2016 185 139

319 226 457 285 tiae.
526 224 714 294 Quem
729 244 834 283 vos
853 225 1138 303 praeclare
1165 228 1493 303 defenditis,
1514 250 1645 289 cum
1668 233 1861 291 dicitis
1888 252 2014 293 eam

319 308 445 364 vim
473 306 714 365 deorum
743 326 882 377 esse,
903 314 982 377 ut,
1004 307 1181 364 etiam
1210 309 1259 366 si
1286 310 1416 387 quis
1447 317 1633 369 morte
1659 332 1875 389 poenas
1902 333 2016 371 sce-

322 387 456 445 leris
489 387 776 463 effugerit,
801 394 1144 463 expetantur
1176 407 1273 446 eae
1305 408 1524 466 poenae
1556 410 1591 447 a
1622 390 1831 463 liberis,
1856 411 1891 449 a
1920 411 2017 450 ne-

317 466 576 544 ·potibuS,
603 486 638 523 a
670 466 930 543 posteris,
1017 466 1070 525 Ο
1111 466 1317 524 miram
1358 470 1704 551 aequitatem
1739 469 2012 529 deorum!

324 547 591 605 Ferretne
619 546 820 603 civitas
849 544 964 602 ulla
989 545 1231 603 latorem
1253 546 1417 604 istius
1440 548 1599 604 modi
1617 547 1775 624 legis,
1795 556 1862 607 ut
1883 568 2014 607 con-

323 627 690 684 demnaretur
704 625 857 684 filius
877 633 978 683 aut
998 644 1195 701 nepos,
1216 626 1263 683 si
1287 632 1449 703 pater
1468 633 1569 683 aut
1589 646 1729 684 avus
1749 627 2014 705 deliquis-

325 707 450 764 set?

453 836 673 897 Quinam
695 834 1072 884 Tantalidarum
1097 836 1410 885 internicioni
1436 835 1613 884 modus

451 902 698 951 Paretur?
733 911 818 949 aut
842 916 1085 964 quaenam
1113 916 1350 964 umquam
1374 901 1437 948 ob
1460 910 1671 963 mortem
1692 902 1882 966 Myrtili

454 967 638 1016 Poenis
660 967 852 1015 luendis
875 967 1076 1015 dabitur
1097 968 1249 1015 satias
1271 966 1521 1030 supplici?

195 1110 214 1125 ·
323 1105 416 1158 91.
449 1100 663 1159 Utrum
692 1106 902 1178 poetae
925 1100 1154 1158 Stoicos
1183 1100 1550 1177 depravarint
1576 1121 1649 1159 an
1672 1101 1852 1161 Stoici
1872 1110 2010 1181 poe·

319 1180 396 1238 tis
429 1180 692 1239 dederint
724 1180 1129 1238 auctoritatem
1161 1200 1279 1237 non
1314 1181 1485 1239 facile
1527 1181 1786 1241 dixerim.
1870 1182 2010 1241 Por·

317 1268 480 1318 tenta
511 1260 666 1318 enim
699 1260 772 1317 ab
801 1260 1057 1337 utrisque
1091 1267 1152 1318 et
1178 1259 1399 1338 flagitia
1431 1262 1717 1322 dicuntur.
1803 1263 2007 1341 Neque

318 1339 490 1410 enim,
512 1359 678 1416 quem
711 1340 1101 1417 Hipponactis
1129 1341 1354 1399 iambus
1376 1341 1613 1401 laeserat
1640 1349 1740 1401 aut
1762 1342 1861 1419 qui
1889 1351 2009 1401 erat

318 1418 656 1478 Archilochi
689 1439 854 1477 versu
887 1419 1231 1493 vulneratae,
1256 1440 1291 1479 a
1332 1421 1441 1481 deo
1484 1422 1809 1480 immissum
1851 1422 2009 1481 dolo-

317 1519 454 1570 rem,
479 1518 598 1556 non
639 1506 981 1578 conceptum
1017 1520 1052 1557 a
1092 1520 1153 1558 se
1186 1500 1314 1578 ipso
1352 1501 1703 1573 continebat,
1728 1521 1849 1574 nec,
1873 1522 2005 1560 cum

315 1578 585 1656 Aegisthi
618 1577 919 1637 libidinem
960 1587 1059 1637 aut
1093 1599 1225 1637 cum
1261 1580 1487 1639 Paridis
1521 1581 1797 1653 videmuS,
1820 1602 1856 1639 a
1895 1583 2005 1641 deo

313 1678 544 1717 causam
577 1658 935 1735 requirimus,
967 1678 1098 1717 cum
1134 1659 1334 1737 culpae
1367 1680 1547 1739 paene
1582 1680 1781 1719 vocem
1815 1662 2006 1721 audia-

314 1758 460 1812 muS,
489 1756 595 1797 nec
637 1757 747 1818 ego
787 1738 1105 1798 multorum
1144 1760 1443 1818 aegrorum
1488 1740 1731 1800 salutem
1772 1760 1888 1801 non
1931 1742 2003 1801 ab

316 1819 675 1897 Hippocrate
706 1821 904 1898 potius
938 1840 1111 1899 quam
1140 1821 1211 1878 ab
1245 1821 1593 1899 Aesculapio
1628 1821 1824 1880 datam
1860 1823 2005 1881 iudi-

316 1918 402 1970 00,
418 1918 524 1956 nec
540 1899 1121 1958 Lacedaemoniorum
1141 1899 1503 1978 disciplinam
1522 1901 1713 1960 dicam
1727 1921 2003 1979 umquam

315 1978 389 2035 ab
417 1977 691 2055 Apolline
716 1981 914 2058 potius
947 1980 1187 2058 Spartae
1221 1999 1391 2058 quam
1428 2001 1463 2038 a
1488 1980 1754 2058 Lycurgo
1790 1983 1999 2041 datam.

315 2057 619 2129 Critolaus,
654 2059 908 2136 inquam,
943 2061 1149 2118 evertit
1189 2060 1553 2132 Corinthum,
1583 2060 2001 2138 Karthaginem

316 2136 658 2197 Hasdrubal.
726 2139 811 2196 Hi
839 2139 954 2198 duo
976 2140 1106 2198 illos
1134 2140 1331 2202 oculos
1358 2159 1489 2198 orae
1515 2140 1838 2200 maritimae
1866 2143 2005 2200 effo-

314 2217 539 2289 derunt,
563 2237 682 2276 non
715 2219 894 2280 iratus
927 2219 1122 2297 aliqui,
1149 2239 1321 2297 quem
1364 2221 1603 2278 omnino
1636 2221 1801 2279 irasci
1834 2241 2002 2299 posse

313 2297 552 2374 negatiS,
576 2297 732 2357 deus.
820 2304 915 2358 92.
945 2300 1030 2370 At
1057 2300 1357 2357 subvenire
1386 2307 1535 2357 certe
1562 2302 1758 2378 potuit
1785 2310 1844 2361 et
1870 2321 2004 2360 con-

311 2396 531 2434 servare
559 2378 728 2436 urbes
747 2385 938 2436 tantas
958 2387 1131 2457 atque
1152 2379 1311 2438 tales,
1381 2380 1671 2438 XXXIX.
1693 2381 1818 2440 Vos
1846 2383 1999 2440 enim

312 2456 424 2532 ipsi
457 2456 644 2515 dicere
686 2457 882 2516 soletis
923 2459 1067 2516 nihil
1103 2466 1224 2516 esse
1266 2460 1424 2536 quod
1457 2460 1598 2517 deus
1631 2459 1849 2519 efficere
1882 2481 1999 2519 non

311 2537 512 2612 possit,
544 2545 603 2595 et
643 2537 878 2614 quidem
922 2539 1044 2595 sine
1085 2538 1279 2596 labore
1321 2539 1471 2596 ullo:
1516 2546 1581 2596 ut
1622 2540 1776 2598 enim
1816 2541 2001 2598 homi-

313 2635 452 2672 num
480 2617 738 2674 membra
762 2617 922 2675 nulla
947 2618 1318 2676 contentione
1344 2625 1539 2676 mente
1567 2618 1691 2695 ipsa
1718 2638 1783 2676 ac
1804 2619 2001 2678 volun-

308 2701 432 2752 tate
459 2703 813 2767 moveantur,
837 2697 918 2754 sic
945 2698 1183 2756 numine
1211 2698 1451 2756 deorum
1480 2699 1675 2756 omnia
1700 2698 1860 2776 fingi,
1879 2718 2001 2757 mo-

311 2773 432 2830 veri
460 2775 783 2852 mutarique
809 2795 993 2852 posse.
1061 2777 1267 2854 Neque
1294 2777 1356 2835 id
1385 2777 1578 2835 dicitis
1606 2778 1998 2854 superstitiose

313 2859 486 2946 atque
513 2852 754 2926 aniliter,
774 2855 873 2913 sed
895 2855 1138 2932 physica
1162 2858 1561 2934 constantique
1590 2858 1839 2914 ratione:
1883 2876 1999 2914 ma-

311 2940 516 2991 teriam
546 2952 700 2990 emm
727 2953 933 3006 rerum,
957 2955 1026 2992 ex
1061 2955 1175 3013 qua
1201 2942 1259 2994 et
1290 2937 1352 2992 in
1389 2955 1501 3014 qua
1534 2936 1729 2993 omnia
1756 2936 1889 3006 sint,
1912 2944 1997 2994 to-

311 3019 430 3070 tam
481 3032 604 3071 esse
651 3011 958 3071 flexibilem
1008 3023 1068 3073 et
1114 3015 1600 3086 commutabilem,
1630 3022 1696 3071 ut
1735 3014 1880 3086 nihil
1920 3016 1997 3073 sit

313 3093 470 3170 quod
511 3113 630 3151 non
671 3113 742 3152 ex
783 3112 850 3151 ea
896 3096 1156 3171 quamvis
1203 3095 1395 3153 subito
1439 3094 1580 3171 fingi
1628 3093 1996 3171 convertique

311 3173 512 3249 possit,
536 3174 659 3232 eius
699 3180 892 3232 autem
933 3175 1229 3233 universae
1260 3174 1535 3233 fictricem
1573 3180 1633 3232 et
1664 3174 1995 3234 moderatri-
