2199 3546
571 141 714 193 LIB.
735 142 838 203 11..
855 140 1016 193 cAP.
1037 140 1441 205 nvn-:LA
1464 144 1710 197 121-126.
1918 146 1991 203 21.

299 242 492 303 videre
505 248 840 320 potnerunt.
904 242 1151 303 Tantam
1170 243 1435 320 ingenuit
1448 243 1837 313 animantibus
1856 262 1991 313 oona

295 324 563 386 sermndi
593 323 686 383 eui
716 329 922 381 natura
953 322 1295 385 custodiam.
1362 322 1599 385 ..XLIX
1632 322 1779 400 Legi
1810 323 1987 385 etiam

297 404 578 489 scriptum
605 422 728 461 esse
753 420 914 461 avem
955 400 1263 480 quandam,
1288 420 1433 480 quae
1460 343 1779 480 Ρὶαιαῑθιιξζι
1729 403 1987 473 nomina-

297 482 486 542 retur·
529 502 658 541 eam
690 482 810 541 sibi
834 482 1030 542 cibum
1064 500 1336 565 quaerere
1374 481 1737 565 advolantem
1762 480 1879 553 ad
1888 501 1987 574 αις

296 580 444 634 aves,
459 582 614 656 quae
641 581 708 620 se
737 562 802 619 in
833 562 980 623 mari
1011 560 1355 637 mergerent,
1378 560 1525 639 quae
1564 580 1699 621 cum
1733 580 1986 630 emenus·

297 642 426 703 s'eut
464 644 796 720 piscemque
835 642 1139 718 cepissent.
1164 658 1348 718 usque
1384 660 1455 699 eo
1492 660 1751 718 premere
1788 660 1987 713 earum

295 722 487 800 capita
499 721 808 793 mordicus,
825 722 964 779 dum
986 720 1115 783 illae
1130 728 1367 798 captum
1384 722 1733 792 amitterent,
1748 720 1821 781 id
1828 720 1987 798 quod

295 802 422 890 ipsa
437 802 746 861 invaderet.
813 801 1149 878 Eademque
1166 799 1307 862 haec
1326 800 1447 859 avis
1464 800 1731 865 scribitur
1750 798 1984 873 conchis

295 900 356 939 se
373 882 566 940 solere
591 880 896 959 complere,
913 900 1010 939 eas
1031 898 1163 941 cum
1194 880 1479 940 stomachi
1498 880 1685 940 calore
1710 898 1985 951 coneoxe-

293 962 390 1032 rit,
413 980 676 1019 evomere
709 968 882 1039 atque
914 961 1004 1019 ita
1030 960 1241 1039 eligere
1274 980 1345 1017 ex
1378 960 1451 1019 iis
1484 980 1629 1038 quae
1658 967 1798 1019 sunt
1828 966 1987 1030 esen-J

293 1040 462 1101 lenta.
552 1046 684 1099 125.
719 1041 914 1099 Ranae
941 1048 1137 1099 autem
1164 1040 1417 1103 marinae
1446 1040 1716 1101 dicuntur
1740 1039 1985 1110 obruere

293 1140 416 1179 sese
448 1120 662 1179 harena
697 1120 878 1179 solere
914 1127 974 1181 et
1005 1120 1227 1179 moveri
1258 1139 1441 1198 prope
1476 1139 1703 1198 aquam,
1732 1120 1808 1181 ad
1838 1138 1986 1198 quas

294 1202 456 1279 quasi
477 1201 552 1259 ad
568 1220 758 1259 eseam
786 1201 974 1278 pisces
999 1219 1135 1261 cum
1162 1200 1515 1272 accesserint,
1535 1199 1745 1265 confici
1766 1219 1802 1259 a
1827 1200 1983 1265 ranis

292 1284 467 1359 atque
509 1281 785 1339 consumi.
859 1280 1052 1339 Miluo
1094 1286 1191 1339 est
1224 1280 1517 1357 quoddam
1558 1278 1774 1339 bellum
1816 1278 1981 1359 quasi

291 1360 548 1420 naturale
581 1380 714 1419 cum
745 1379 952 1418 corvo,
997 1379 1138 1437 ergo
1178 1359 1321 1419 alter
1358 1359 1591 1420 alterius
1631 1358 1983 1437 ubicumqtm

292 1448 494 1498 nactus
539 1448 628 1498 est
677 1460 788 1498 ova
831 1440 1103 1517 frangit·
1170 1439 1324 1498 Illud
1366 1458 1502 1503 vero
1550 1438 1623 1497 ab
1663 1438 1983 1507 Aristotele

289 1518 768 1590 animadversum,
795 1539 833 1577 a
869 1539 984 1597 quo
1018 1519 1305 1597 pleraque,
1336 1520 1465 1597 quis
1498 1525 1692 1597 potest
1723 1536 1841 1577 non
1872 1519 1980 1591 nii-g

289 1598 436 1658 nit-il
501 1599 686 1657 Grues
713 1618 845 1657 eum
869 1600 995 1658 loca
1019 1599 1293 1665 calidiora
1313 1604 1575 1677 petentes
1600 1598 1781 1659 maria
1799 1602 1979 1660 trans·

287 1680 542 1751 mittant,
561 1679 836 1756 trianguli
856 1678 1076 1739 efficere
1097 1679 1365 1751 formam,
1383 1680 1507 1739 eius
1532 1686 1727 1743 autem
1748 1694 1977 1747 summo

287 1760 499 1838 angulo
527 1766 631 1818 aer
655 1758 773 1818 ab
756 1760 830 1817 iis
857 1760 1127 1818 adversus
1153 1759 1403 1837 pellitur.
1426 1759 1635 1818 deinde
1663 1758 1872 1828 sensim
1902 1758 1977 1821 ab

288 1845 532 1931 utroque
559 1841 752 1911 latere,
769 1849 1066 1918 tamquam
1094 1841 1285 1908 remis,
1304 1841 1389 1901 ita
1408 1840 1613 1916 pennis
1639 1858 1837 1898 cursus
1862 1840 1979 1906 avi-

286 1938 388 1977 um
428 1919 661 1979 levatur.
745 1919 914 1978 Basis
953 1928 1149 1980 autem
1189 1917 1478 1996 trianguli,
1510 1938 1681 1997 quem
1724 1917 1977 1980 efficiunt

285 2017 472 2076 grues,
497 2019 565 2058 ea
591 2006 888 2077 tamquam
921 2019 958 2058 a
987 1998 1175 2077 puppi
1201 1997 1389 2056 ventis
1420 1997 1739 2069 adiuvatur,
1764 2017 1979 2077 eaeque

284 2079 347 2137 in
369 2085 534 2156 tergo
556 2079 1012 2157 praevolantium
1035 2079 1183 2139 colla
1202 2085 1262 2137 et
1280 2078 1473 2156 capita
1490 2087 1797 2156 reponunt,
1816 2079 1977 2156 quod

285 2158 435 2252 quia
449 2159 578 2236 ipse
607 2159 725 2218 dux
753 2160 942 2218 facere
975 2177 1094 2218 non
1128 2165 1338 2236 potest,
1364 2158 1499 2236 quia
1530 2177 1648 2217 non
1678 2157 1853 2218 habet
1880 2159 1975 2221 cui

283 2238 581 2311 innitatur,
604 2239 837 2310 revolat,
863 2246 929 2298 ut
963 2240 1086 2316 ipse
1121 2257 1351 2317 quoque
1382 2238 1653 2316 quiescat.
1738 2237 1809 2296 In
1851 2239 1975 2301 eius

283 2318 474 2378 Iocum
505 2319 766 2378 succedit
789 2339 858 2376 ex
885 2319 974 2390 iis,
999 2338 1147 2397 quae
1178 2319 1529 2396 nequierunt,
1554 2337 1735 2396 eaque
1760 2319 1975 2384 vicissi-

282 2399 428 2456 tu'do
468 2399 532 2456 in
575 2399 735 2456 omni
769 2418 935 2456 cursu
978 2405 1362 2456 conservatur.
1446 2403 1580 2462 126.
1626 2398 1811 2462 Multa
1850 2400 1975 2464 eius

281 2478 446 2536 modi
460 2479 724 2555 ⁴proferre
745 2497 997 2556 possum,
1013 2478 1117 2539 sed
1136 2497 1331 2554 genus·
1344 2478 1535 2554 ipsum
1557 2478 1780 2537 videtis.
1848 2478 1975 2540 Iam'

282 2577 417 2622 vero
451 2557 550 2616 illa
585 2559 759 2616 etiam
801 2559 1044 2629 notiora,
1069 2565 1287 2636 quanto
1328 2576 1389 2616 se
1431 2576 1603 2635 opere
1644 2558 1975 2622 custodiant

281 2637 516 2709 bestiae,
539 2644 607 2696 ut
643 2638 708 2696 in
749 2645 918 2715 pastu
959 2639 1454 2714 circumspectent,
1479 2644 1546 2696 ut
1585 2638 1644 2695 in
1688 2637 1973 2706 cubilibus

280 2715 624 2776 delitiscant.
709 2717 772 2776 L.
797 2717 996 2794 Atque
1035 2717 1135 2776 illa
1174 2715 1491 2776 mirabilia:
1536 2717 1679 2794 quid
1718 2737 1799 2789 ea,
1826 2738 1973 2795 quae

280 2815 480 2874 nuper,
506 2797 568 2856 id
595 2804 698 2868 est,
719 2797 916 2874 paucis
942 2805 1076 2856 ante
1099 2795 1319 2867 saeclis,
1340 2797 1739 2856 medicorum
1722 2798 1971 2874 ingeniis

279 2884 506 2954 reperta
546 2879 716 2936 sunt²
791 2877 1159 2936 Vomitione
1154 2895 1358 2948 ·‚canes
1392 2877 1735 2953 purgatione
1776 2883 1971 2934 autem

279 2955 438 3014 alvos
471 2955 597 3014 ibes
629 2957 956 3034 Aegyptiae
991 2963 1207 3015 curant.
1292 2921 1581 3014 Auditum
1615 2962 1703 3014 est
1735 2955 1971 3033 panthe-

279 3053 386 3106 ras,
417 3055 564 3113 quae
595 3037 658 3094 in
692 3036 952 3095 barbaria
977 3042 1257 3096 venenata
1284 3050 1464 3097 carne
1498 3043 1975 3112 caperentur‚re·

279 3115 538 3177 medium
569 3116 862 3194 quoddam
891 3115 1115 3187 habere,
1141 3132 1257 3194 quo
1290 3134 1424 3178 cum
1456 3122 1650 3175 essent
1674 3134 1825 3188 usae,
1848 3133 1975 3174 non-

278 3203 654 3268 morerentur‚
673 3213 872 3272 capras
903 3201 1096 3255 autem
1130 3196 1193 3256 in
1224 3195 1399 3256 Creta
1422 3195 1595 3269 feras,
1616 3215 1751 3256 cum
1779 3197 1979 3264 essenti
