2199 3546
737 149 892 202 CAP.
921 150 1283 211 XJV.-·XV1.,
1314 149 1343 210 §
1366 151 1549 199 31-36.
1891 151 1989 198 265

299 255 434 314 bera
461 260 564 312 est.
652 257 744 312 34.
789 251 962 322 Quod
988 251 1038 309 si
1065 252 1413 310 concedatur
1439 250 1585 309 nihil
1605 268 1775 327 posse
1803 250 1989 306 eveni-

299 353 358 392 re
392 334 503 392 nisi
537 352 706 392 causa
737 331 1125 404 antecedente,
1150 332 1293 409 quid
1318 330 1665 409 proficiatur,
1690 329 1739 386 si
1768 348 1835 386 ea
1862 348 1989 387 cau-

299 434 362 472 sa
388 434 506 471 non
535 433 605 471 ex
626 413 870 471 aeternis
891 412 1074 470 causis
1095 421 1233 488 apta
1253 411 1512 468 dicatur?
1586 409 1776 467 Causa
1795 416 1986 467 autem

299 513 366 552 ea
394 500 496 566 est,
517 512 662 571 quae
693 493 759 550 id
785 489 976 564 efficit,
999 491 1162 550 cuius
1190 497 1277 548 est
1303 510 1489 562 causa,
1512 496 1580 549 ut
1607 489 1813 549 vulnus
1838 509 1989 548 mor·

297 573 392 646 tis,
433 573 683 632 cruditas
725 571 932 644 morbi,
974 571 1127 648 ignis
1170 570 1403 628 ardoris.
1491 570 1694 647 Itaque
1738 588 1857 628 non
1904 571 1986 628 sic

299 672 469 711 causa
493 653 751 730 intellegi
771 651 960 724 debet,
979 659 1062 723 ut,
1088 650 1248 729 quod
1267 651 1475 728 cuique
1500 649 1818 721 antecedat,
1842 649 1907 707 id
1932 650 1985 707 ei

297 753 467 791 causa
500 732 592 805 sit,
616 733 719 790 sed
751 732 910 810 quod
937 731 1143 808 cuique
1178 729 1487 790 efficienter
1518 730 1837 802 antecedat,
1860 748 1983 801 nec,

299 814 454 890 quod
489 813 551 870 in
583 831 853 890 campum
887 811 1297 882 descenderim,
1326 811 1392 868 id
1421 811 1601 869 fuisse
1642 829 1845 868 causae
1886 828 1987 867 cur

297 892 416 968 pila
455 892 728 964 luderem,
761 911 865 950 nec
898 890 1203 950 Hecubam
1236 910 1465 950 causam
1498 890 1765 948 interitus
1806 889 1985 948 fuisse

296 971 576 1044 TroianiS,
608 972 766 1050 quod
806 970 1201 1030 Alexandrum
1241 970 1521 1048 genuerit,
1551 989 1657 1028 nec
1698 969 1987 1046 Tyndare-

297 1071 397 1110 um
436 1051 882 1128 Agamemnoni,
914 1051 1072 1130 quod
1110 1051 1569 1128 Clytemestram.
1654 1049 1787 1108 Hoc
1830 1049 1986 1107 enim

297 1131 474 1188 modo
515 1133 702 1190 viator
743 1151 972 1210 quoque
1003 1130 1151 1190 bene
1192 1131 1433 1190 vestitus
1474 1149 1643 1188 causa
1678 1129 1987 1206 grassatori

296 1211 476 1280 fuisse
523 1211 748 1271 dicetur
789 1231 891 1273 cur
932 1211 1005 1269 ab
1050 1231 1121 1270 eo
1166 1210 1519 1288 spoliaretur.
1608 1215 1699 1268 35.
1744 1209 1833 1268 Ex
1874 1209 1987 1267 hoc

295 1310 503 1370 genere
530 1292 674 1352 illud
701 1299 788 1350 est
814 1292 1024 1349 Ennii:

556 1419 764 1469 Utinam
789 1433 852 1466 ne
873 1418 926 1466 in
947 1431 1151 1468 nemore
1172 1419 1316 1468 Pelio
1338 1419 1593 1468 securibus

559 1484 722 1533 Caesa
741 1483 1001 1533 accidisset
1021 1483 1232 1545 abiegna.
1252 1484 1317 1533 ad
1341 1493 1521 1534 terram
1547 1483 1736 1533 trabes!

298 1613 490 1671 Licuit
521 1612 612 1671 vel
638 1611 810 1671 altius
841 1611 876 1639 ‘⁴
895 1611 1139 1670 Utinam
1168 1631 1243 1670 ne
1269 1613 1331 1670 in
1359 1611 1524 1670 Pelio
1552 1618 1690 1669 nata
1720 1609 1837 1668 ulla
1863 1629 1987 1667 um-

301 1713 473 1770 quam
515 1700 666 1752 esset
699 1691 946 1750 arbor!”
981 1692 1157 1751 etiam
1192 1711 1363 1769 supra
1399 1692 1433 1720 ‘⁴
1452 1691 1698 1750 Utinam
1729 1709 1803 1748 ne
1836 1696 1987 1748 esset

297 1794 466 1831 mons
499 1773 648 1833 ullus
680 1772 876 1832 Pelius
896 1770 958 1831 !'’
997 1771 1373 1851 similiterque
1408 1771 1700 1850 superiora
1730 1778 1986 1847 repeten-

298 1859 417 1911 tem
444 1854 668 1932 regredi
693 1853 918 1913 infinite
947 1853 1096 1913 licet.

555 1980 697 2097 ἔθετο
719 1979 835 2030 inde
855 1980 997 2029 navis
1020 1978 1289 2028 incohandi
1312 1977 1577 2028 exordium

601 2046 826 2109 oepisset.

296 2162 584 2232 Quorsum
610 2161 751 2221 haec
778 2162 1125 2241 praeterita?
1206 2161 1357 2231 Quia
1384 2161 1643 2239 sequitur
1668 2159 1845 2219 illud:

393 2293 526 2341 Nam
548 2307 820 2356 numquam
845 2308 930 2342 era
955 2306 1125 2341 errans
1149 2306 1261 2341 mea
1282 2290 1431 2340 domo
1454 2290 1661 2343 ecferret
1680 2289 1875 2354 pedem,

395 2358 592 2422 Medea,
611 2358 780 2407 animo
801 2372 967 2419 aegra,
986 2372 1156 2407 amore
1178 2372 1327 2407 saevo
1348 2357 1531 2419 saucia,

297 2506 412 2544 non
441 2493 510 2544 ut
537 2504 635 2544 eae
661 2505 752 2543 res
773 2504 1002 2543 causam
1031 2485 1323 2543 adferrent
1349 2484 1577 2542 amoriS.

377 2565 544 2625 XVI.
651 2571 744 2622 36.
803 2565 1083 2623 Interesse
1140 2570 1334 2621 autem
1388 2564 1567 2634 aiunt,
1612 2569 1806 2621 utrum
1861 2562 1985 2621 eius

297 2644 460 2702 modi
493 2644 634 2721 quid
667 2644 758 2715 sit,
790 2644 913 2701 sine
947 2661 1062 2719 quo
1095 2643 1315 2720 aliquid
1349 2642 1497 2702 effici
1529 2661 1649 2700 non
1680 2642 1880 2719 possit,
1910 2662 1984 2699 an

298 2726 420 2782 eius
453 2723 634 2795 modi,
660 2742 776 2801 quo
810 2722 1028 2800 aliquid
1049 2722 1209 2788 ¹effici
1241 2741 1470 2781 necesse
1504 2722 1594 2780 sit.
1678 2721 1854 2779 Nulla
1879 2722 1985 2799 igi-

295 2811 394 2862 tur
427 2823 621 2861 earum
655 2810 742 2861 est
774 2821 958 2874 causa,
984 2802 1258 2879 quoniam
1291 2802 1449 2860 nulla
1481 2820 1609 2860 eam
1640 2820 1764 2859 rem
1796 2820 1901 2859 sua
1926 2802 1985 2858 vi

299 2883 488 2955 efficit,
513 2884 674 2942 cuius
707 2882 919 2941 dicitur
944 2900 1129 2953 causa,
1153 2900 1260 2939 nec
1286 2882 1366 2953 id,
1388 2882 1512 2939 sine
1540 2900 1656 2959 quo
1685 2880 1983 2958 quippiam

297 2982 416 3021 non
443 2961 528 3034 fit,
551 2982 720 3021 causa
747 2968 850 3034 est,
875 2961 976 3020 sed
997 2960 1075 3033 id,
1102 2960 1261 3038 quod
1288 2981 1419 3019 cum
1447 2960 1699 3031 accessit,
1723 2960 1802 3030 id,
1822 2960 1985 3017 cuius

298 3061 468 3101 causa
495 3047 598 3112 est,
622 3040 796 3099 efficit
821 3041 1156 3098 necessario·
1241 3040 1519 3098 Nondum
1548 3040 1704 3097 enim
1731 3039 1983 3098 ulcerato

299 3121 580 3199 serpentis
611 3138 806 3177 morsu
833 3119 1178 3189 Philocteta,
1204 3138 1349 3196 quae
1380 3138 1550 3177 causa
1575 3119 1637 3175 in
1665 3138 1854 3175 rerum
1887 3138 1983 3177 na-

298 3212 430 3267 tura
455 3197 870 3268 continebatur,
893 3198 1020 3256 fore
1048 3204 1115 3257 ut
1140 3199 1191 3255 is
1217 3199 1279 3255 in
1306 3198 1493 3257 insula
1519 3197 1737 3257 Lemno
1765 3198 1983 3276 linque-
