2199 3546
696 135 837 187 mn.
860 135 929 199 1„
949 135 1109 200 CAR,
1134 134 1441 200 v.-V11.‚,§
1467 138 1644 186 11-16.
1978 140 2012 187 ο

323 257 444 296 non
477 237 764 296 levissima
795 237 869 295 de
901 255 978 310 re,
1001 243 1072 295 ut
1104 236 1362 316 queritur
1394 237 1489 298 ille
1521 238 1587 295 in
1618 237 1851 296 civitate
1870 239 2012 314 fieri

341 319 603 380 facinora
630 318 926 392 capitalia,

390 477 404 490 .
435 477 448 489 .
479 477 493 491 .
521 441 588 490 ab
608 440 770 489 amico
791 447 992 490 amunte
1013 446 1276 502 argentum
1296 440 1519 504 accipere
1539 439 1779 492 meretrix
1800 441 1980 491 nevolt.

325 562 420 616 14.
453 558 555 618 sed
575 565 643 616 ut
661 557 871 631 adsint,
891 565 1260 635 cognoscant,
1285 559 1745 618 animadvertant
1772 559 1915 637 quid
1934 559 2008 618 de

319 638 618 716 religione,
653 638 887 716 pietate,
931 639 1255 718 sanctitate,
1297 639 1676 711 caerimoniiS,
1711 639 1841 712 fide,
1886 639 2007 698 iure

321 718 585 790 iurand0,
616 718 758 796 quid
791 718 864 777 de
905 718 1156 796 templis,
1187 718 1439 776 delubris
1480 719 1880 797 sacrificiisque
1920 739 2007 777 so-

320 797 624 872 lemnibuS,
651 798 793 876 quid
820 799 892 857 de
920 799 1062 876 ipsis
1094 799 1381 876 auspiciiS,
1407 799 1617 876 quibus
1648 819 1755 857 nos
1782 819 2008 877 praesu-

321 897 470 949 muS,
501 879 950 937 existimandum
977 879 1070 937 sit.
1153 879 1315 937 Haec
1348 880 1504 937 enim
1532 880 1729 937 omnia
1758 880 1834 937 ad
1859 879 2006 938 hanc

320 958 396 1016 de
445 959 537 1016 dis
584 958 1008 1016 immortalibus
1055 958 1451 1036 quaestionem
1505 959 1807 1018 referenda
1852 966 2003 1018 sunt.

321 1037 601 1098 Profecto
635 1057 736 1096 eos
767 1038 940 1116 ipsos,
972 1039 1075 1116 qui
1108 1059 1169 1098 se
1200 1038 1422 1116 aliquid
1454 1041 1595 1098 certi
1621 1039 1831 1100 habere
1861 1039 2008 1098 arbi-

320 1124 563 1189 trantur,
599 1117 938 1177 addubitare
979 1126 1153 1196 coget
1193 1118 1660 1178 doctissimorum
1702 1119 2005 1178 hominum

319 1197 395 1274 de
423 1199 675 1256 maxima
700 1217 761 1258 re
789 1205 952 1257 tanta
977 1199 1274 1258 dissensio.
1356 1205 1447 1258 15.
1479 1199 1651 1268 Quod
1678 1219 1809 1258 cum
1838 1218 2007 1277 saepe

319 1278 460 1336 alias
486 1285 612 1336 tum
641 1278 890 1336 maxime
918 1278 1314 1351 animadverti,
1338 1299 1470 1338 cum
1498 1280 1655 1356 apud
1681 1280 1746 1338 C.
1772 1280 2007 1338 Cottam

319 1358 665 1418 familiarem
693 1378 892 1418 meum
923 1365 1187 1418 accurate
1220 1379 1355 1418 sane
1388 1366 1448 1417 et
1472 1359 1781 1437 diligenter
1810 1360 1885 1419 de
1918 1361 2008 1419 dis

319 1438 744 1496 immortalibus
776 1439 1139 1516 disputatum
1171 1446 1273 1498 est.
1358 1439 1511 1497 Nam
1545 1459 1678 1498 cum
1710 1440 1873 1498 feriis
1906 1439 2007 1498 La·

319 1518 460 1576 tinis
499 1519 575 1577 ad
614 1538 748 1576 eum
788 1519 972 1597 ipsius
1018 1526 1228 1596 rogatu
1275 1520 1661 1596 arcessituque
1702 1521 2003 1591 venissem,

319 1599 541 1657 offendi
568 1618 702 1657 eum
731 1598 1024 1658 sedentem
1059 1600 1123 1656 in
1156 1599 1407 1658 exhedra
1437 1606 1497 1658 et
1528 1618 1661 1658 cum
1694 1599 1761 1658 O.
1782 1599 2007 1660 Velleio

319 1685 581 1738 senatore
607 1678 1022 1756 disputantem,
1045 1678 1123 1737 ad
1150 1698 1321 1757 quem
1348 1686 1475 1739 tum
1497 1679 1764 1757 Epicurei
1791 1680 2008 1757 primas

318 1778 390 1817 ex
423 1759 635 1819 nostris
666 1758 1001 1818 hominibus
1034 1758 1389 1819 deferebant.
1472 1759 1694 1818 Aderat
1726 1762 1900 1819 etiam
1934 1760 2003 1831 Q,

319 1838 574 1897 Lucilius
613 1839 849 1911 Balbus,
881 1840 982 1919 qui
1020 1846 1219 1898 tantos
1264 1859 1599 1918 progressus
1645 1839 1895 1899 habebat
1943 1842 2003 1899 in

318 1918 550 1991 Stoicis,
579 1926 648 1977 ut
687 1940 822 1977 cnm
862 1919 1273 1979 excellentibus
1312 1921 1373 1979 in
1414 1940 1483 1979 eo
1525 1940 1733 1995 genere
1774 1920 2007 1979 Graecis

320 2005 763 2076 compararetur.
846 1999 1014 2072 Tum,
1038 2006 1107 2057 ut
1134 2020 1227 2059 me
1254 2000 1431 2059 Cotta
1456 2001 1638 2059 vidit:
1684 2000 2007 2079 Peroppor—

320 2086 479 2150 tune,
509 2078 716 2156 inquit,
747 2079 920 2137 venis.
1005 2078 1205 2140 Oritur
1236 2080 1391 2139 enim
1423 2080 1571 2138 mihi
1602 2099 1814 2158 magna
1838 2080 1914 2139 de
1946 2101 2005 2140 re

318 2157 616 2221 altercatio
657 2178 790 2217 cum
825 2158 1064 2231 Velleio,
1095 2160 1191 2218 cni
1229 2179 1338 2238 pro
1377 2166 1481 2218 tuo
1523 2159 1717 2218 studio
1759 2179 1877 2218 non
1917 2167 2007 2219 est

319 2239 571 2297 alienum
598 2245 656 2297 te
685 2240 970 2299 interesse.
1057 2240 1193 2299 VII.
1276 2246 1366 2298 16.
1403 2240 1589 2317 Atqui
1611 2239 1757 2297 mihi
1779 2258 2007 2317 quoque

319 2318 534 2390 videor,
569 2319 823 2397 inquam,
861 2321 1096 2393 venisse,
1135 2328 1202 2379 ut
1242 2320 1403 2391 dicis,
1441 2326 1783 2396 opportune.
1868 2317 2008 2375 Tres

319 2399 474 2457 enim
501 2399 678 2457 trium
706 2400 1133 2478 disciplinarum
1166 2400 1454 2477 principes
1482 2398 1845 2457 convenistis.
1923 2396 2001 2455 M.

319 2478 458 2537 Piso
492 2480 541 2537 si
573 2480 812 2550 adesset,
845 2480 1056 2538 nullius
1088 2478 1507 2557 philosophiae,
1538 2497 1733 2537 earum
1772 2476 2004 2554 quidem

321 2574 468 2632 quae
513 2556 577 2612 in
624 2554 844 2615 honore
891 2562 1043 2627 sunt,
1079 2563 1304 2615 vacaret
1344 2556 1518 2615 locus.
1604 2557 1755 2616 Tum
1796 2557 2005 2617 Cotta:

319 2635 402 2706 Si,
432 2634 640 2713 inquit,
672 2634 817 2693 liber
842 2634 1125 2694 Antiochi
1158 2636 1357 2707 nostri,
1390 2636 1491 2712 qui
1516 2635 1589 2693 ab
1618 2656 1687 2695 eo
1716 2656 1900 2715 nuper
1932 2638 2006 2695 ad

319 2714 476 2773 hunc
497 2714 748 2772 Balbum
769 2715 976 2773 missus
1005 2721 1109 2787 est,
1130 2734 1262 2772 vera
1281 2715 1552 2793 loquitur,
1574 2717 1716 2774 nihil
1740 2726 1827 2774 est
1849 2718 2008 2794 quod

321 2794 596 2852 Pisonem
617 2794 958 2853 familiarem
979 2802 1145 2853 tuum
1170 2794 1469 2853 desideres
1535 2795 1828 2853 Antiocho
1850 2798 2005 2854 enim

321 2873 507 2931 Stoici
540 2893 669 2932 cum
707 2874 1112 2951 Peripateticis
1148 2893 1209 2931 re
1247 2874 1547 2932 concinere
1582 2874 1864 2945 videntur,
1889 2894 2008 2932 ver·

319 2952 412 3011 bis
441 2953 790 3031 discrepare:
836 2974 952 3031 quo
982 2954 1055 3011 de
1081 2952 1248 3025 libro,
1272 2952 1470 3023 Balbe,
1495 2953 1666 3010 velim
1694 2953 1836 3009 scire
1864 2954 2003 3030 quid

320 3034 550 3091 sentias
622 3034 860 3109 Egone?
901 3034 1094 3109 inquit
1122 3032 1232 3090 ille.
1311 3032 1491 3088 Miror
1510 3029 1885 3099 Antiochum,
1908 3030 2006 3085 ho—

319 3113 540 3171 minem
573 3113 633 3170 in
667 3113 871 3189 primis
903 3120 1155 3180 acutum,
1186 3129 1304 3167 non
1339 3108 1549 3165 vidisse
1580 3107 1853 3164 interesse
1884 3106 2007 3180 plu-

319 3193 533 3253 rimum
577 3193 727 3251 inter
760 3191 1005 3261 StoicOS,
1038 3189 1139 3259 qui
1172 3187 1415 3243 honesta
1453 3204 1489 3241 a
1527 3183 1847 3241 commodis
1887 3200 2005 3237 non

1784 3412 2091 3489 Α
