2199 3546
215 153 313 199 ‘246
733 148 833 198 DF,
872 147 1372 198 DIVINATIONE.

215 258 378 322 nunt,
399 250 672 327 cogitant,
693 250 963 308 sentiunt.
1047 248 1197 306 Cum
1226 255 1418 306 autem
1438 249 1581 307 haec
1608 248 1899 310 subtracta

215 338 351 389 sunt
377 330 744 407 desertusque
776 330 1002 386 animus
1029 328 1302 404 languore
1330 329 1601 405 corporiS,
1624 336 1752 387 t'um
1780 331 1899 406 agi-

213 419 368 470 tatur
395 411 518 487 ipse
545 429 648 486 per
679 429 815 467 sese.
901 408 1105 485 Itaque
1132 409 1193 465 in
1228 427 1295 465 eo
1330 415 1389 465 et
1418 409 1643 466 formae
1676 429 1899 467 versan-

212 499 308 548 tur
339 498 399 548 et
431 489 701 555 aetioneS,
726 496 785 546 et
813 489 994 545 multa
1021 488 1223 558 audiri,
1246 487 1429 545 multa
1461 487 1577 545 dici
1610 487 1893 548 videntur.

216 576 348 628 140.
393 569 554 628 Haec
603 568 816 626 scilicet
858 569 921 625 in
964 567 1251 624 imbecillo
1300 567 1653 644 remissoque
1700 569 1896 626 animo

210 651 394 708 multa
435 649 702 707 omnibus
735 648 923 705 modis
963 647 1207 704 confusa
1236 654 1295 705 et
1326 647 1543 704 variata
1582 655 1893 720 versantur,

209 731 571 806 maximeque
604 728 870 806 reliquiae
904 745 1098 785 earum
1132 745 1319 784 rerum
1353 733 1659 783 moventur
1684 726 1744 786 in
1777 727 1898 784 ani-

208 811 322 866 mis
363 818 422 867 et
455 809 758 886 agitantur,
791 808 862 866 de
897 806 1106 886 quibus
1136 805 1440 882 vigilantes
1480 813 1582 863 aut
1620 807 1898 882 cogitavi-

209 908 338 947 mus
370 896 470 947 aut
503 888 742 965 egimuS,
765 896 832 945 ut
859 887 1003 944 mihi
1030 885 1388 962 temporibus
1416 885 1527 943 illis
1552 885 1801 943 multum
1831 886 1895 943 in

208 970 402 1025 animo
446 968 659 1024 Marius
701 967 1026 1024 versabatur
1066 965 1387 1023 recordanti
1430 985 1604 1043 quam
1642 965 1737 1023 ille
1769 983 1897 1042 gra·

209 1067 336 1104 vem
371 1067 540 1104 suum
575 1067 766 1105 casum
801 1065 1012 1123 magno
1046 1046 1258 1115 anim0‚
1286 1065 1457 1123 quam
1490 1047 1779 1103 constanti
1804 1053 1895 1103 tu-

208 1126 380 1184 lisset.
465 1127 633 1183 Hanc
662 1126 832 1183 credo
859 1145 1087 1183 causam
1117 1125 1189 1182 de
1216 1125 1315 1183 illo
1345 1125 1670 1183 somniandi
1692 1124 1889 1184 fuisse.

208 1205 482 1263 LXVIII.
527 1205 660 1262 Tibi
693 1213 886 1263 autem
921 1205 992 1263 de
1025 1225 1121 1262 me
1154 1225 1285 1263 cum
1320 1205 1705 1263 sollicitudine
1736 1206 1894 1282 cogi-

205 1287 354 1343 tanti
387 1285 580 1342 subito
615 1305 740 1342 sum
775 1285 930 1342 visus
969 1304 1222 1342 emersus
1254 1305 1287 1344 e
1318 1285 1571 1344 flumine.
1657 1285 1893 1343 Inerant

207 1366 360 1422 enim
389 1366 449 1422 in
479 1366 774 1443 utriusque
805 1369 1066 1422 nostrum
1099 1365 1309 1422 animis
1341 1364 1703 1442 vigilantium
1737 1365 1893 1442 cogi-

204 1446 492 1502 tationum
539 1445 792 1522 vestigia.
876 1445 961 1502 At
1002 1446 1283 1522 quaedam
1326 1445 1599 1502 adiuncta
1640 1451 1791 1515 sunt,
1824 1452 1892 1502 ut

205 1525 349 1583 mihi
383 1525 454 1582 de
487 1532 866 1583 monumento
901 1525 1082 1596 Marii,
1114 1523 1222 1582 tibi
1258 1524 1417 1601 quod
1449 1543 1646 1602 equae,
1674 1525 1737 1581 in
1771 1543 1890 1601 quo

206 1623 314 1681 ego
356 1605 616 1676 vehebar,
649 1623 873 1662 mecum
908 1624 1022 1661 una
1055 1605 1347 1662 demersus
1378 1623 1571 1661 rursus
1602 1605 1886 1681 apparuit.

209 1689 340 1742 141.
384 1684 481 1741 An
508 1692 573 1741 tu
602 1703 796 1742 censes
823 1683 996 1740 ullam
1025 1681 1200 1740 anum
1228 1691 1349 1740 tam
1371 1683 1609 1741 deliram
1629 1686 1887 1742 futuram

203 1763 399 1836 fuisse,
431 1771 496 1822 ut
528 1765 766 1822 somniis
807 1763 1075 1835 crederet,
1106 1763 1217 1821 nisi
1249 1764 1361 1822 ista
1400 1783 1535 1822 casu
1574 1784 1692 1822 non
1726 1784 1892 1823 num-

205 1863 394 1921 quam,
413 1844 580 1916 forte,
603 1852 817 1902 temere
845 1845 1283 1902 concurrerent?
1364 1844 1693 1902 Alexandro
1714 1844 1891 1903 draeo

203 1923 363 2001 loqui
387 1924 539 1981 visus
567 1932 667 1982 est.
744 1924 947 1982 Potest
969 1924 1206 1981 omnino
1229 1922 1339 1980 hoc
1362 1942 1483 1981 esse
1504 1923 1731 1996 falsum,
1756 1932 1890 2003 pot-

203 2012 291 2061 est
330 2023 546 2075 verum‚
581 2004 698 2075 sed,
734 2011 927 2061 utrum
969 2011 1072 2074 est,
1111 2022 1227 2060 non
1270 2010 1358 2061 est
1389 2003 1663 2061 mirabile.
1750 2004 1809 2062 N
1811 2024 1889 2062 on

204 2084 358 2140 enim
393 2084 615 2141 audivit
646 2083 740 2141 ille
773 2083 1078 2141 draconem
1107 2083 1455 2160 loquentem,
1480 2083 1583 2141 sed
1612 2091 1698 2141 est
1730 2084 1889 2143 visus

203 2162 415 2234 audire,
448 2172 506 2220 et
541 2163 790 2241 quidem,
823 2183 936 2240 quo
978 2163 1165 2220 maius
1206 2163 1297 2235 sit,
1328 2182 1459 2220 cum
1496 2163 1746 2221 radicem
1788 2184 1889 2223 ore

202 2249 438 2311 teneret,
469 2242 693 2299 locutus
735 2250 835 2299 est.
921 2242 1034 2299 Sed
1068 2242 1213 2299 nihil
1248 2250 1335 2300 est
1366 2262 1638 2319 magnum
1675 2245 1889 2301 somni-

203 2321 338 2377 anti.
417 2320 641 2388 Quaero
670 2328 859 2377 antem
884 2340 984 2377 eur
1005 2322 1335 2379 Alexandro
1358 2329 1477 2379 tam
1500 2322 1717 2379 illustre
1740 2342 1889 2380 som-

203 2401 380 2469 nium,
411 2406 531 2455 tam
573 2406 810 2468 certum,
842 2419 945 2456 nec
980 2400 1115 2457 huic
1157 2401 1342 2459 eidem
1379 2401 1534 2473 aliaS,
1564 2421 1669 2459 nec
1702 2403 1889 2461 multa

203 2480 417 2535 ceteris,
504 2478 651 2535 Mihi
693 2478 925 2555 quidem
967 2487 1193 2555 praeter
1231 2480 1343 2538 hoc
1386 2481 1706 2539 Marianum
1738 2482 1884 2539 nihil

202 2578 334 2615 sane
377 2558 534 2635 quod
567 2558 942 2615 meminerim.
1029 2558 1259 2617 Frustra
1290 2560 1493 2637 igitur&
1510 2570 1887 2638 consumptae

201 2645 291 2693 tot
318 2644 516 2695 noctes
544 2645 662 2695 tam
691 2636 864 2714 longa
891 2639 950 2695 in
979 2646 1179 2697 aetate.
1268 2645 1399 2698 142.
1445 2640 1503 2697 N
1505 2660 1615 2698 unc
1650 2640 1886 2718 quidem

199 2726 435 2793 propter
474 2718 956 2775 intermissionem
1003 2718 1248 2776 forensis
1292 2738 1497 2796 operae
1539 2728 1598 2777 et
1630 2720 1889 2778 lucubra-

199 2797 385 2853 tiones
413 2796 632 2854 detraxi
663 2804 720 2854 et
749 2798 1175 2855 meridiationes
1202 2798 1417 2870 addidi,
1440 2799 1648 2875 quibus
1678 2800 1763 2857 uti
1790 2819 1888 2857 an-

198 2881 292 2929 tea
319 2894 434 2932 non
458 2875 727 2946 solebam,
747 2896 852 2934 nec
874 2885 993 2934 tam
1014 2877 1261 2935 multum
1284 2878 1575 2935 dormiens
1597 2878 1713 2935 ullo
1738 2898 1889 2936 som-

198 2952 296 3007 nio
339 2973 466 3009 sum
508 2956 853 3027 admonituS‚
885 2957 1059 3013 tantis
1090 2958 1423 3033 praesertim
1457 2957 1529 3014 de
1563 2957 1749 3029 rebuS,
1778 2977 1885 3015 nec

197 3030 341 3086 mihi
377 3034 560 3108 magis
593 3054 866 3111 umquam
910 3035 1107 3092 videor
1139 3054 1327 3110 quam,
1358 3054 1489 3092 cum
1524 3044 1625 3094 aut
1656 3037 1719 3094 in
1752 3037 1884 3095 foro

197 3110 564 3185 magistratus
592 3121 692 3169 aut
718 3115 778 3169 in
807 3114 962 3169 curia
989 3120 1249 3169 senatum
1279 3114 1464 3185 vide0,
1488 3117 1790 3175 somniare.

277 3188 414 3245 LXI
422 3190 492 3246 X.
537 3191 919 3248 Etenim-ex
941 3190 1223 3249 divisione
1244 3190 1355 3252 hoc
1376 3194 1693 3253 secundum
1716 3203 1879 3255 est—-

377 3438 666 3517 A
