<?xml version="1.0" encoding="UTF-8"?>
<!DOCTYPE html PUBLIC "-//W3C//DTD XHTML 1.0 Transitional//EN"
    "http://www.w3.org/TR/xhtml1/DTD/xhtml1-transitional.dtd">
<html xmlns="http://www.w3.org/1999/xhtml" xml:lang="en" lang="en">
 <head>
  <title>
</title>
<meta http-equiv="Content-Type" content="text/html;charset=utf-8" />
  <meta name='ocr-system' content='tesseract 3.04.00' />
  <meta name='ocr-capabilities' content='ocr_page ocr_carea ocr_par ocr_line ocrx_word'/>
</head>
<body>
  <div class='ocr_page' id='page_1' title='image "./denaturadeorumd00cicegoog_0141.png"; bbox 0 0 2199 3546; ppageno 0'>
   <div class='ocr_carea' id='block_1_1' title="bbox 465 151 1956 217">
    <p class='ocr_par' dir='ltr' id='par_1_1' title="bbox 465 151 1956 217">
     <span class='ocr_line' id='line_1_1' title="bbox 465 151 1956 217; baseline 0 -13"><span class='ocrx_word' id='word_1_1' title='bbox 465 154 605 204; x_wconf 89' lang='lat' dir='ltr'><strong>LIB.</strong></span> <span class='ocrx_word' id='word_1_2' title='bbox 633 154 758 215; x_wconf 71' lang='lat'>111„</span> <span class='ocrx_word' id='word_1_3' title='bbox 786 152 941 203; x_wconf 85' lang='lat' dir='ltr'><strong>CAP.</strong></span> <span class='ocrx_word' id='word_1_4' title='bbox 971 153 1501 217; x_wconf 61' lang='lat' dir='ltr'>mvl-XXVIII„</span> <span class='ocrx_word' id='word_1_5' title='bbox 1529 151 1559 214; x_wconf 64' lang='grc' dir='ltr'><strong>ἓ</strong></span> <span class='ocrx_word' id='word_1_6' title='bbox 1587 158 1767 205; x_wconf 83' lang='lat'><strong>67-71.</strong></span> <span class='ocrx_word' id='word_1_7' title='bbox 1866 158 1956 204; x_wconf 83' lang='lat'>131</span> 
     </span>
    </p>
   </div>
   <div class='ocr_carea' id='block_1_2' title="bbox 269 254 2029 3286">
    <p class='ocr_par' dir='ltr' id='par_1_2' title="bbox 269 254 2029 3286">
     <span class='ocr_line' id='line_1_2' title="bbox 269 254 2029 332; baseline -0.001 -18"><span class='ocrx_word' id='word_1_8' title='bbox 269 262 441 314; x_wconf 87' lang='lat' dir='ltr'>nocet</span> <span class='ocrx_word' id='word_1_9' title='bbox 483 255 830 332; x_wconf 83' lang='lat' dir='ltr'>saepissime,</span> <span class='ocrx_word' id='word_1_10' title='bbox 860 254 1065 313; x_wconf 89' lang='lat' dir='ltr'>melius</span> <span class='ocrx_word' id='word_1_11' title='bbox 1111 261 1199 312; x_wconf 87' lang='lat' dir='ltr'>est</span> <span class='ocrx_word' id='word_1_12' title='bbox 1241 272 1360 312; x_wconf 89' lang='lat' dir='ltr'>non</span> <span class='ocrx_word' id='word_1_13' title='bbox 1404 254 1676 312; x_wconf 89' lang='lat' dir='ltr'>adhibere</span> <span class='ocrx_word' id='word_1_14' title='bbox 1720 255 1959 313; x_wconf 90' lang='lat' dir='ltr'>omnino</span> <span class='ocrx_word' id='word_1_15' title='bbox 2020 324 2029 329; x_wconf 30' lang='lat'>⁵</span> 
     </span>
     <span class='ocr_line' id='line_1_3' title="bbox 271 334 1961 413; baseline 0 -20"><span class='ocrx_word' id='word_1_16' title='bbox 271 355 442 413; x_wconf 88' lang='lat' dir='ltr'>quam</span> <span class='ocrx_word' id='word_1_17' title='bbox 473 354 574 411; x_wconf 88' lang='lat' dir='ltr'>spe</span> <span class='ocrx_word' id='word_1_18' title='bbox 603 334 811 392; x_wconf 82' lang='lat' dir='ltr'>dubiae</span> <span class='ocrx_word' id='word_1_19' title='bbox 841 334 1038 391; x_wconf 87' lang='lat' dir='ltr'>salutis</span> <span class='ocrx_word' id='word_1_20' title='bbox 1059 334 1119 391; x_wconf 89' lang='lat' dir='ltr'>in</span> <span class='ocrx_word' id='word_1_21' title='bbox 1148 341 1403 412; x_wconf 86' lang='lat' dir='ltr'>apertam</span> <span class='ocrx_word' id='word_1_22' title='bbox 1434 335 1746 411; x_wconf 88' lang='lat' dir='ltr'>perniciem</span> <span class='ocrx_word' id='word_1_23' title='bbox 1776 336 1961 393; x_wconf 89' lang='lat' dir='ltr'>incur·</span> 
     </span>
     <span class='ocr_line' id='line_1_4' title="bbox 270 413 1959 492; baseline -0.001 -19"><span class='ocrx_word' id='word_1_24' title='bbox 270 435 409 486; x_wconf 85' lang='lat' dir='ltr'>rere,</span> <span class='ocrx_word' id='word_1_25' title='bbox 433 416 514 472; x_wconf 90' lang='lat' dir='ltr'>sic</span> <span class='ocrx_word' id='word_1_26' title='bbox 547 414 705 471; x_wconf 89' lang='lat' dir='ltr'>haud</span> <span class='ocrx_word' id='word_1_27' title='bbox 745 414 864 471; x_wconf 88' lang='lat' dir='ltr'>scio</span> <span class='ocrx_word' id='word_1_28' title='bbox 906 434 976 471; x_wconf 89' lang='lat' dir='ltr'>an</span> <span class='ocrx_word' id='word_1_29' title='bbox 1021 413 1225 471; x_wconf 86' lang='lat' dir='ltr'>melius</span> <span class='ocrx_word' id='word_1_30' title='bbox 1258 414 1435 471; x_wconf 88' lang='lat' dir='ltr'>fuerit</span> <span class='ocrx_word' id='word_1_31' title='bbox 1467 414 1721 471; x_wconf 89' lang='lat' dir='ltr'>humano</span> <span class='ocrx_word' id='word_1_32' title='bbox 1762 415 1959 492; x_wconf 82' lang='lat' dir='ltr'>generi</span> 
     </span>
     <span class='ocr_line' id='line_1_5' title="bbox 270 493 1959 570; baseline -0.001 -18"><span class='ocrx_word' id='word_1_33' title='bbox 270 503 498 553; x_wconf 90' lang='lat' dir='ltr'>motum</span> <span class='ocrx_word' id='word_1_34' title='bbox 538 494 713 551; x_wconf 87' lang='lat' dir='ltr'>istum</span> <span class='ocrx_word' id='word_1_35' title='bbox 761 493 998 551; x_wconf 80' lang='lat' dir='ltr'>celerem</span> <span class='ocrx_word' id='word_1_36' title='bbox 1046 493 1433 570; x_wconf 77' lang='lat' dir='ltr'>cogitationiS,</span> <span class='ocrx_word' id='word_1_37' title='bbox 1474 512 1732 563; x_wconf 78' lang='lat' dir='ltr'>acumen,</span> <span class='ocrx_word' id='word_1_38' title='bbox 1770 494 1959 551; x_wconf 86' lang='lat' dir='ltr'>soller-</span> 
     </span>
     <span class='ocr_line' id='line_1_6' title="bbox 270 573 1962 651; baseline -0.001 -19"><span class='ocrx_word' id='word_1_39' title='bbox 270 573 430 645; x_wconf 89' lang='lat' dir='ltr'>tiam,</span> <span class='ocrx_word' id='word_1_40' title='bbox 467 592 640 651; x_wconf 88' lang='lat' dir='ltr'>quam</span> <span class='ocrx_word' id='word_1_41' title='bbox 695 574 974 631; x_wconf 85' lang='lat' dir='ltr'>rationem</span> <span class='ocrx_word' id='word_1_42' title='bbox 1025 591 1312 644; x_wconf 77' lang='lat' dir='ltr'>vocamuS,</span> <span class='ocrx_word' id='word_1_43' title='bbox 1359 574 1630 650; x_wconf 90' lang='lat' dir='ltr'>quoniam</span> <span class='ocrx_word' id='word_1_44' title='bbox 1688 574 1962 650; x_wconf 88' lang='lat' dir='ltr'>pestifera</span> 
     </span>
     <span class='ocr_line' id='line_1_7' title="bbox 271 653 1961 729; baseline -0.001 -18"><span class='ocrx_word' id='word_1_45' title='bbox 271 661 360 712; x_wconf 87' lang='lat' dir='ltr'>est</span> <span class='ocrx_word' id='word_1_46' title='bbox 390 653 605 723; x_wconf 79' lang='lat' dir='ltr'>multiS,</span> <span class='ocrx_word' id='word_1_47' title='bbox 629 653 941 711; x_wconf 85' lang='lat' dir='ltr'><strong>admodum</strong></span> <span class='ocrx_word' id='word_1_48' title='bbox 963 654 1184 729; x_wconf 79' lang='lat' dir='ltr'>,paucis</span> <span class='ocrx_word' id='word_1_49' title='bbox 1225 653 1503 723; x_wconf 87' lang='lat' dir='ltr'>salutaris,</span> <span class='ocrx_word' id='word_1_50' title='bbox 1527 672 1645 709; x_wconf 90' lang='lat' dir='ltr'>non</span> <span class='ocrx_word' id='word_1_51' title='bbox 1684 653 1807 710; x_wconf 91' lang='lat' dir='ltr'>dari</span> <span class='ocrx_word' id='word_1_52' title='bbox 1842 672 1961 710; x_wconf 90' lang='lat' dir='ltr'>om·</span> 
     </span>
     <span class='ocr_line' id='line_1_8' title="bbox 271 732 1955 811; baseline 0 -21"><span class='ocrx_word' id='word_1_53' title='bbox 271 734 412 791; x_wconf 89' lang='lat' dir='ltr'>nino</span> <span class='ocrx_word' id='word_1_54' title='bbox 455 752 628 811; x_wconf 91' lang='lat' dir='ltr'>quam</span> <span class='ocrx_word' id='word_1_55' title='bbox 670 740 790 791; x_wconf 90' lang='lat' dir='ltr'>tam</span> <span class='ocrx_word' id='word_1_56' title='bbox 840 732 1111 790; x_wconf 88' lang='lat' dir='ltr'>munifice</span> <span class='ocrx_word' id='word_1_57' title='bbox 1156 739 1215 789; x_wconf 88' lang='lat' dir='ltr'>et</span> <span class='ocrx_word' id='word_1_58' title='bbox 1261 740 1383 790; x_wconf 90' lang='lat' dir='ltr'>tam</span> <span class='ocrx_word' id='word_1_59' title='bbox 1432 732 1587 809; x_wconf 83' lang='lat' dir='ltr'>large</span> <span class='ocrx_word' id='word_1_60' title='bbox 1636 733 1775 790; x_wconf 87' lang='lat' dir='ltr'>dari.</span> <span class='ocrx_word' id='word_1_61' title='bbox 1863 732 1955 790; x_wconf 82' lang='lat'>70.</span> 
     </span>
     <span class='ocr_line' id='line_1_9' title="bbox 273 811 1961 890; baseline -0.001 -20"><span class='ocrx_word' id='word_1_62' title='bbox 273 812 461 881; x_wconf 89' lang='lat' dir='ltr'>Quam</span> <span class='ocrx_word' id='word_1_63' title='bbox 511 812 586 870; x_wconf 94' lang='lat' dir='ltr'>ob</span> <span class='ocrx_word' id='word_1_64' title='bbox 635 832 757 869; x_wconf 86' lang='lat' dir='ltr'>rem</span> <span class='ocrx_word' id='word_1_65' title='bbox 801 812 850 869; x_wconf 87' lang='lat' dir='ltr'>si</span> <span class='ocrx_word' id='word_1_66' title='bbox 892 832 1056 870; x_wconf 89' lang='lat' dir='ltr'>mens</span> <span class='ocrx_word' id='word_1_67' title='bbox 1094 812 1470 890; x_wconf 86' lang='lat' dir='ltr'>voluntasque</span> <span class='ocrx_word' id='word_1_68' title='bbox 1515 812 1711 870; x_wconf 86' lang='lat' dir='ltr'>divina</span> <span class='ocrx_word' id='word_1_69' title='bbox 1746 811 1961 869; x_wconf 90' lang='lat' dir='ltr'>idcireo</span> 
     </span>
     <span class='ocr_line' id='line_1_10' title="bbox 273 891 1957 971; baseline -0.001 -22"><span class='ocrx_word' id='word_1_70' title='bbox 273 892 562 950; x_wconf 86' lang='lat' dir='ltr'>consuluit</span> <span class='ocrx_word' id='word_1_71' title='bbox 601 891 950 963; x_wconf 89' lang='lat' dir='ltr'>hominibus,</span> <span class='ocrx_word' id='word_1_72' title='bbox 976 892 1187 969; x_wconf 92' lang='lat' dir='ltr'>quod</span> <span class='ocrx_word' id='word_1_73' title='bbox 1171 892 1245 949; x_wconf 76' lang='lat' dir='ltr'>iis</span> <span class='ocrx_word' id='word_1_74' title='bbox 1285 899 1373 950; x_wconf 87' lang='lat' dir='ltr'>est</span> <span class='ocrx_word' id='word_1_75' title='bbox 1413 891 1643 971; x_wconf 85' lang='lat' dir='ltr'>largita</span> <span class='ocrx_word' id='word_1_76' title='bbox 1656 892 1957 963; x_wconf 88' lang='lat' dir='ltr'>rationem,</span> 
     </span>
     <span class='ocr_line' id='line_1_11' title="bbox 274 964 1961 1049; baseline 0 -20"><span class='ocrx_word' id='word_1_77' title='bbox 274 971 346 1029; x_wconf 88' lang='lat' dir='ltr'>iis</span> <span class='ocrx_word' id='word_1_78' title='bbox 384 971 520 1029; x_wconf 84' lang='lat' dir='ltr'>solis</span> <span class='ocrx_word' id='word_1_79' title='bbox 561 972 865 1043; x_wconf 87' lang='lat' dir='ltr'>consuluit,</span> <span class='ocrx_word' id='word_1_80' title='bbox 889 991 1033 1049; x_wconf 91' lang='lat' dir='ltr'>quos</span> <span class='ocrx_word' id='word_1_81' title='bbox 1073 971 1229 1029; x_wconf 87' lang='lat' dir='ltr'>bona</span> <span class='ocrx_word' id='word_1_82' title='bbox 1267 975 1489 1030; x_wconf 86' lang='lat' dir='ltr'>ratione</span> <span class='ocrx_word' id='word_1_83' title='bbox 1529 964 1783 1044; x_wconf 82' lang='lat' dir='ltr'>donavit,</span> <span class='ocrx_word' id='word_1_84' title='bbox 1816 991 1961 1049; x_wconf 88' lang='lat' dir='ltr'>quos</span> 
     </span>
     <span class='ocr_line' id='line_1_12' title="bbox 276 1051 1959 1129; baseline 0 -20"><span class='ocrx_word' id='word_1_85' title='bbox 276 1051 553 1123; x_wconf 89' lang='lat' dir='ltr'>videmus,</span> <span class='ocrx_word' id='word_1_86' title='bbox 589 1052 638 1109; x_wconf 86' lang='lat' dir='ltr'>si</span> <span class='ocrx_word' id='word_1_87' title='bbox 677 1052 856 1110; x_wconf 88' lang='lat' dir='ltr'>modo</span> <span class='ocrx_word' id='word_1_88' title='bbox 903 1051 1006 1109; x_wconf 92' lang='lat' dir='ltr'>ulli</span> <span class='ocrx_word' id='word_1_89' title='bbox 1053 1059 1205 1122; x_wconf 85' lang='lat' dir='ltr'>sunt,</span> <span class='ocrx_word' id='word_1_90' title='bbox 1240 1071 1363 1109; x_wconf 86' lang='lat' dir='ltr'>esse</span> <span class='ocrx_word' id='word_1_91' title='bbox 1403 1058 1731 1129; x_wconf 87' lang='lat' dir='ltr'>perpaucos.</span> <span class='ocrx_word' id='word_1_92' title='bbox 1824 1051 1882 1109; x_wconf 93' lang='lat' dir='ltr'>N</span> <span class='ocrx_word' id='word_1_93' title='bbox 1884 1070 1959 1108; x_wconf 91' lang='lat' dir='ltr'>on</span> 
     </span>
     <span class='ocr_line' id='line_1_13' title="bbox 274 1096 1961 1210; baseline 0 -22"><span class='ocrx_word' id='word_1_94' title='bbox 274 1131 464 1210; x_wconf 87' lang='lat' dir='ltr'>placet</span> <span class='ocrx_word' id='word_1_95' title='bbox 506 1138 698 1190; x_wconf 86' lang='lat' dir='ltr'>autem</span> <span class='ocrx_word' id='word_1_96' title='bbox 743 1132 941 1209; x_wconf 86' lang='lat' dir='ltr'>paucis</span> <span class='ocrx_word' id='word_1_97' title='bbox 989 1150 1026 1189; x_wconf 91' lang='lat' dir='ltr'>a</span> <span class='ocrx_word' id='word_1_98' title='bbox 1067 1132 1158 1189; x_wconf 89' lang='lat' dir='ltr'>dis</span> <span class='ocrx_word' id='word_1_99' title='bbox 1191 1096 1616 1189; x_wconf 80' lang='lat' dir='ltr'><strong>immortalibus</strong></span> <span class='ocrx_word' id='word_1_100' title='bbox 1658 1151 1780 1190; x_wconf 87' lang='lat' dir='ltr'>esse</span> <span class='ocrx_word' id='word_1_101' title='bbox 1828 1150 1961 1189; x_wconf 93' lang='lat' dir='ltr'>con-</span> 
     </span>
     <span class='ocr_line' id='line_1_14' title="bbox 276 1211 1801 1289; baseline 0 -20"><span class='ocrx_word' id='word_1_102' title='bbox 276 1211 488 1269; x_wconf 86' lang='lat' dir='ltr'>sultum</span> <span class='ocrx_word' id='word_1_103' title='bbox 511 1230 524 1269; x_wconf 91' lang='lat'>:</span> <span class='ocrx_word' id='word_1_104' title='bbox 568 1211 824 1289; x_wconf 86' lang='lat' dir='ltr'>sequitur</span> <span class='ocrx_word' id='word_1_105' title='bbox 850 1231 988 1288; x_wconf 79' lang='lat' dir='ltr'>ergo</span> <span class='ocrx_word' id='word_1_106' title='bbox 1016 1219 1082 1269; x_wconf 87' lang='lat' dir='ltr'>ut</span> <span class='ocrx_word' id='word_1_107' title='bbox 1108 1212 1328 1269; x_wconf 86' lang='lat' dir='ltr'>nemini</span> <span class='ocrx_word' id='word_1_108' title='bbox 1356 1211 1681 1269; x_wconf 88' lang='lat' dir='ltr'>consultum</span> <span class='ocrx_word' id='word_1_109' title='bbox 1712 1212 1801 1269; x_wconf 91' lang='lat' dir='ltr'>sit.</span> 
     </span>
     <span class='ocr_line' id='line_1_15' title="bbox 355 1290 1962 1362; baseline 0 -14"><span class='ocrx_word' id='word_1_110' title='bbox 355 1290 646 1351; x_wconf 89' lang='lat' dir='ltr'><strong>XXVIII.</strong></span> <span class='ocrx_word' id='word_1_111' title='bbox 682 1291 838 1349; x_wconf 84' lang='lat' dir='ltr'>Huic</span> <span class='ocrx_word' id='word_1_112' title='bbox 872 1292 1000 1349; x_wconf 89' lang='lat' dir='ltr'>loeo</span> <span class='ocrx_word' id='word_1_113' title='bbox 1042 1291 1122 1349; x_wconf 89' lang='lat' dir='ltr'>sic</span> <span class='ocrx_word' id='word_1_114' title='bbox 1166 1291 1361 1349; x_wconf 86' lang='lat' dir='ltr'>soletis</span> <span class='ocrx_word' id='word_1_115' title='bbox 1394 1310 1702 1362; x_wconf 88' lang='lat' dir='ltr'>occurrere,</span> <span class='ocrx_word' id='word_1_116' title='bbox 1726 1311 1843 1349; x_wconf 91' lang='lat' dir='ltr'>non</span> <span class='ocrx_word' id='word_1_117' title='bbox 1877 1291 1962 1349; x_wconf 87' lang='lat' dir='ltr'>id-</span> 
     </span>
     <span class='ocr_line' id='line_1_16' title="bbox 277 1370 1960 1464; baseline 0.001 -36"><span class='ocrx_word' id='word_1_118' title='bbox 277 1372 426 1429; x_wconf 92' lang='lat' dir='ltr'>circo</span> <span class='ocrx_word' id='word_1_119' title='bbox 471 1391 588 1428; x_wconf 89' lang='lat' dir='ltr'>non</span> <span class='ocrx_word' id='word_1_120' title='bbox 633 1372 854 1449; x_wconf 87' lang='lat' dir='ltr'>opt-ime</span> <span class='ocrx_word' id='word_1_121' title='bbox 895 1370 1063 1429; x_wconf 90' lang='lat' dir='ltr'>nobis</span> <span class='ocrx_word' id='word_1_122' title='bbox 1104 1391 1139 1428; x_wconf 87' lang='lat' dir='ltr'>a</span> <span class='ocrx_word' id='word_1_123' title='bbox 1179 1372 1268 1429; x_wconf 89' lang='lat' dir='ltr'>dis</span> <span class='ocrx_word' id='word_1_124' title='bbox 1310 1390 1431 1429; x_wconf 84' lang='lat' dir='ltr'>esse</span> <span class='ocrx_word' id='word_1_125' title='bbox 1464 1372 1775 1464; x_wconf 81' lang='lat' dir='ltr'>provisum,</span> <span class='ocrx_word' id='word_1_126' title='bbox 1802 1371 1960 1450; x_wconf 91' lang='lat' dir='ltr'>quod</span> 
     </span>
     <span class='ocr_line' id='line_1_17' title="bbox 275 1447 1962 1529; baseline 0.001 -22"><span class='ocrx_word' id='word_1_127' title='bbox 275 1450 443 1508; x_wconf 89' lang='lat' dir='ltr'>multi</span> <span class='ocrx_word' id='word_1_128' title='bbox 473 1470 670 1509; x_wconf 89' lang='lat' dir='ltr'>eorum</span> <span class='ocrx_word' id='word_1_129' title='bbox 702 1447 975 1509; x_wconf 85' lang='lat' dir='ltr'>beneficio</span> <span class='ocrx_word' id='word_1_130' title='bbox 1001 1470 1263 1529; x_wconf 87' lang='lat' dir='ltr'>perverse</span> <span class='ocrx_word' id='word_1_131' title='bbox 1292 1457 1617 1509; x_wconf 86' lang='lat' dir='ltr'>uterentur.</span> <span class='ocrx_word' id='word_1_132' title='bbox 1661 1452 1836 1509; x_wconf 91' lang='lat' dir='ltr'>etiam</span> <span class='ocrx_word' id='word_1_133' title='bbox 1865 1470 1962 1529; x_wconf 91' lang='lat' dir='ltr'>pa·</span> 
     </span>
     <span class='ocr_line' id='line_1_18' title="bbox 276 1530 1963 1601; baseline -0.001 -12"><span class='ocrx_word' id='word_1_134' title='bbox 276 1531 563 1589; x_wconf 89' lang='lat' dir='ltr'>trimoniis</span> <span class='ocrx_word' id='word_1_135' title='bbox 593 1531 810 1589; x_wconf 90' lang='lat' dir='ltr'>multos</span> <span class='ocrx_word' id='word_1_136' title='bbox 841 1531 990 1590; x_wconf 86' lang='lat' dir='ltr'>male</span> <span class='ocrx_word' id='word_1_137' title='bbox 1030 1531 1135 1601; x_wconf 89' lang='lat' dir='ltr'>uti,</span> <span class='ocrx_word' id='word_1_138' title='bbox 1161 1549 1265 1588; x_wconf 91' lang='lat' dir='ltr'>nec</span> <span class='ocrx_word' id='word_1_139' title='bbox 1306 1530 1381 1588; x_wconf 94' lang='lat' dir='ltr'>ob</span> <span class='ocrx_word' id='word_1_140' title='bbox 1424 1550 1551 1589; x_wconf 91' lang='lat' dir='ltr'>eam</span> <span class='ocrx_word' id='word_1_141' title='bbox 1592 1550 1820 1588; x_wconf 90' lang='lat' dir='ltr'>causam</span> <span class='ocrx_word' id='word_1_142' title='bbox 1862 1550 1963 1588; x_wconf 89' lang='lat' dir='ltr'>eos</span> 
     </span>
     <span class='ocr_line' id='line_1_19' title="bbox 276 1610 1961 1689; baseline 0 -21"><span class='ocrx_word' id='word_1_143' title='bbox 276 1610 616 1669; x_wconf 88' lang='lat' dir='ltr'>beneficium</span> <span class='ocrx_word' id='word_1_144' title='bbox 651 1631 686 1668; x_wconf 91' lang='lat' dir='ltr'>a</span> <span class='ocrx_word' id='word_1_145' title='bbox 711 1611 972 1689; x_wconf 84' lang='lat' dir='ltr'>patribus</span> <span class='ocrx_word' id='word_1_146' title='bbox 1003 1611 1226 1668; x_wconf 90' lang='lat' dir='ltr'>nullum</span> <span class='ocrx_word' id='word_1_147' title='bbox 1260 1610 1483 1669; x_wconf 89' lang='lat' dir='ltr'>habere.</span> <span class='ocrx_word' id='word_1_148' title='bbox 1567 1610 1961 1689; x_wconf 82' lang='lat' dir='ltr'>Quisquamne</span> 
     </span>
     <span class='ocr_line' id='line_1_20' title="bbox 275 1690 1963 1768; baseline 0 -21"><span class='ocrx_word' id='word_1_149' title='bbox 275 1691 425 1749; x_wconf 89' lang='lat' dir='ltr'>istuc</span> <span class='ocrx_word' id='word_1_150' title='bbox 456 1692 670 1768; x_wconf 67' lang='lat' dir='ltr'>negat?</span> <span class='ocrx_word' id='word_1_151' title='bbox 710 1698 812 1749; x_wconf 89' lang='lat' dir='ltr'>aut</span> <span class='ocrx_word' id='word_1_152' title='bbox 841 1709 984 1767; x_wconf 90' lang='lat' dir='ltr'>quae</span> <span class='ocrx_word' id='word_1_153' title='bbox 1017 1698 1105 1749; x_wconf 88' lang='lat' dir='ltr'>est</span> <span class='ocrx_word' id='word_1_154' title='bbox 1131 1691 1192 1747; x_wconf 89' lang='lat' dir='ltr'>in</span> <span class='ocrx_word' id='word_1_155' title='bbox 1226 1690 1531 1749; x_wconf 88' lang='lat' dir='ltr'>collatione</span> <span class='ocrx_word' id='word_1_156' title='bbox 1558 1693 1669 1749; x_wconf 86' lang='lat' dir='ltr'>ista</span> <span class='ocrx_word' id='word_1_157' title='bbox 1700 1690 1963 1748; x_wconf 90' lang='lat' dir='ltr'>similitu-</span> 
     </span>
     <span class='ocr_line' id='line_1_21' title="bbox 277 1770 1960 1843; baseline -0.001 -15"><span class='ocrx_word' id='word_1_158' title='bbox 277 1770 393 1830; x_wconf 58' lang='lat' dir='ltr'>do?</span> <span class='ocrx_word' id='word_1_159' title='bbox 472 1770 595 1830; x_wconf 88' lang='lat' dir='ltr'>Nec</span> <span class='ocrx_word' id='word_1_160' title='bbox 623 1771 778 1830; x_wconf 87' lang='lat' dir='ltr'>enim</span> <span class='ocrx_word' id='word_1_161' title='bbox 807 1770 1044 1829; x_wconf 88' lang='lat' dir='ltr'>Herculi</span> <span class='ocrx_word' id='word_1_162' title='bbox 1073 1790 1278 1829; x_wconf 85' lang='lat' dir='ltr'>nocere</span> <span class='ocrx_word' id='word_1_163' title='bbox 1306 1770 1579 1829; x_wconf 82' lang='lat' dir='ltr'>Deianira</span> <span class='ocrx_word' id='word_1_164' title='bbox 1605 1770 1804 1843; x_wconf 90' lang='lat' dir='ltr'>voluit,</span> <span class='ocrx_word' id='word_1_165' title='bbox 1829 1790 1960 1828; x_wconf 90' lang='lat' dir='ltr'>cum</span> 
     </span>
     <span class='ocr_line' id='line_1_22' title="bbox 279 1850 1962 1928; baseline -0.001 -19"><span class='ocrx_word' id='word_1_166' title='bbox 279 1853 332 1909; x_wconf 91' lang='lat' dir='ltr'>ei</span> <span class='ocrx_word' id='word_1_167' title='bbox 353 1851 608 1909; x_wconf 87' lang='lat' dir='ltr'>tunicam</span> <span class='ocrx_word' id='word_1_168' title='bbox 627 1852 904 1928; x_wconf 86' lang='lat' dir='ltr'>sanguine</span> <span class='ocrx_word' id='word_1_169' title='bbox 927 1850 1201 1909; x_wconf 76' lang='lat' dir='ltr'>Centauri</span> <span class='ocrx_word' id='word_1_170' title='bbox 1218 1851 1457 1909; x_wconf 87' lang='lat' dir='ltr'>tinctam</span> <span class='ocrx_word' id='word_1_171' title='bbox 1479 1851 1660 1922; x_wconf 88' lang='lat' dir='ltr'>dedit,</span> <span class='ocrx_word' id='word_1_172' title='bbox 1671 1870 1776 1908; x_wconf 90' lang='lat' dir='ltr'>nec</span> <span class='ocrx_word' id='word_1_173' title='bbox 1794 1851 1962 1928; x_wconf 88' lang='lat' dir='ltr'>prod-</span> 
     </span>
     <span class='ocr_line' id='line_1_23' title="bbox 279 1930 1965 2008; baseline 0 -20"><span class='ocrx_word' id='word_1_174' title='bbox 279 1950 400 1988; x_wconf 83' lang='lat' dir='ltr'>esse</span> <span class='ocrx_word' id='word_1_175' title='bbox 429 1931 685 1988; x_wconf 84' lang='lat' dir='ltr'>Pheraeo</span> <span class='ocrx_word' id='word_1_176' title='bbox 715 1931 906 1988; x_wconf 88' lang='lat' dir='ltr'>Iasoni</span> <span class='ocrx_word' id='word_1_177' title='bbox 933 1931 998 2000; x_wconf 84' lang='lat' dir='ltr'>is,</span> <span class='ocrx_word' id='word_1_178' title='bbox 1020 1931 1121 2008; x_wconf 90' lang='lat' dir='ltr'>qui</span> <span class='ocrx_word' id='word_1_179' title='bbox 1149 1930 1344 2008; x_wconf 83' lang='lat' dir='ltr'>gladio</span> <span class='ocrx_word' id='word_1_180' title='bbox 1372 1931 1655 1988; x_wconf 89' lang='lat' dir='ltr'>vomicam</span> <span class='ocrx_word' id='word_1_181' title='bbox 1685 1931 1808 1988; x_wconf 89' lang='lat' dir='ltr'>eius</span> <span class='ocrx_word' id='word_1_182' title='bbox 1835 1949 1965 2006; x_wconf 88' lang='lat' dir='ltr'>ape-</span> 
     </span>
     <span class='ocr_line' id='line_1_24' title="bbox 279 2009 1961 2088; baseline -0.002 -20"><span class='ocrx_word' id='word_1_183' title='bbox 279 2011 412 2080; x_wconf 82' lang='lat' dir='ltr'>ruit,</span> <span class='ocrx_word' id='word_1_184' title='bbox 434 2030 604 2087; x_wconf 91' lang='lat' dir='ltr'>quam</span> <span class='ocrx_word' id='word_1_185' title='bbox 627 2030 822 2068; x_wconf 86' lang='lat' dir='ltr'>sanare</span> <span class='ocrx_word' id='word_1_186' title='bbox 850 2010 1058 2069; x_wconf 88' lang='lat' dir='ltr'>medici</span> <span class='ocrx_word' id='word_1_187' title='bbox 1080 2031 1197 2068; x_wconf 90' lang='lat' dir='ltr'>non</span> <span class='ocrx_word' id='word_1_188' title='bbox 1222 2017 1544 2088; x_wconf 87' lang='lat' dir='ltr'>potuerant.</span> <span class='ocrx_word' id='word_1_189' title='bbox 1615 2009 1785 2067; x_wconf 91' lang='lat' dir='ltr'>Multi</span> <span class='ocrx_word' id='word_1_190' title='bbox 1806 2010 1961 2066; x_wconf 90' lang='lat' dir='ltr'>enim</span> 
     </span>
     <span class='ocr_line' id='line_1_25' title="bbox 281 2089 1959 2168; baseline -0.001 -21"><span class='ocrx_word' id='word_1_191' title='bbox 281 2097 357 2160; x_wconf 90' lang='lat' dir='ltr'>et,</span> <span class='ocrx_word' id='word_1_192' title='bbox 381 2109 512 2147; x_wconf 90' lang='lat' dir='ltr'>cum</span> <span class='ocrx_word' id='word_1_193' title='bbox 555 2089 752 2148; x_wconf 89' lang='lat' dir='ltr'>obesse</span> <span class='ocrx_word' id='word_1_194' title='bbox 785 2090 1009 2162; x_wconf 89' lang='lat' dir='ltr'>vellent,</span> <span class='ocrx_word' id='word_1_195' title='bbox 1033 2090 1378 2168; x_wconf 83' lang='lat' dir='ltr'>profuerunt</span> <span class='ocrx_word' id='word_1_196' title='bbox 1412 2097 1483 2161; x_wconf 93' lang='lat' dir='ltr'>et,</span> <span class='ocrx_word' id='word_1_197' title='bbox 1509 2109 1640 2147; x_wconf 89' lang='lat' dir='ltr'>cum</span> <span class='ocrx_word' id='word_1_198' title='bbox 1674 2089 1959 2166; x_wconf 84' lang='lat' dir='ltr'>prodesse,</span> 
     </span>
     <span class='ocr_line' id='line_1_26' title="bbox 282 2168 1965 2247; baseline -0.001 -21"><span class='ocrx_word' id='word_1_199' title='bbox 282 2168 606 2227; x_wconf 84' lang='lat' dir='ltr'>obfuerunt.</span> <span class='ocrx_word' id='word_1_200' title='bbox 692 2168 784 2227; x_wconf 86' lang='lat' dir='ltr'>Ita</span> <span class='ocrx_word' id='word_1_201' title='bbox 816 2189 932 2227; x_wconf 92' lang='lat' dir='ltr'>non</span> <span class='ocrx_word' id='word_1_202' title='bbox 966 2170 1033 2227; x_wconf 93' lang='lat' dir='ltr'>fit</span> <span class='ocrx_word' id='word_1_203' title='bbox 1066 2189 1136 2228; x_wconf 87' lang='lat' dir='ltr'>ex</span> <span class='ocrx_word' id='word_1_204' title='bbox 1171 2189 1257 2241; x_wconf 79' lang='lat' dir='ltr'>ee,</span> <span class='ocrx_word' id='word_1_205' title='bbox 1284 2170 1439 2247; x_wconf 91' lang='lat' dir='ltr'>quod</span> <span class='ocrx_word' id='word_1_206' title='bbox 1468 2169 1650 2241; x_wconf 84' lang='lat' dir='ltr'>datur,</span> <span class='ocrx_word' id='word_1_207' title='bbox 1675 2176 1741 2227; x_wconf 90' lang='lat' dir='ltr'>ut</span> <span class='ocrx_word' id='word_1_208' title='bbox 1768 2168 1965 2226; x_wconf 90' lang='lat' dir='ltr'>volun-</span> 
     </span>
     <span class='ocr_line' id='line_1_27' title="bbox 280 2249 1960 2328; baseline 0 -22"><span class='ocrx_word' id='word_1_209' title='bbox 280 2255 369 2307; x_wconf 87' lang='lat' dir='ltr'>tas</span> <span class='ocrx_word' id='word_1_210' title='bbox 403 2249 540 2320; x_wconf 82' lang='lat' dir='ltr'>eiuS‚</span> <span class='ocrx_word' id='word_1_211' title='bbox 565 2249 664 2328; x_wconf 84' lang='lat' dir='ltr'>qui</span> <span class='ocrx_word' id='word_1_212' title='bbox 697 2249 936 2322; x_wconf 87' lang='lat' dir='ltr'>dederit,</span> <span class='ocrx_word' id='word_1_213' title='bbox 961 2258 1247 2328; x_wconf 77' lang='lat' dir='ltr'>appareat,</span> <span class='ocrx_word' id='word_1_214' title='bbox 1274 2269 1394 2320; x_wconf 90' lang='lat' dir='ltr'>nec,</span> <span class='ocrx_word' id='word_1_215' title='bbox 1420 2252 1467 2306; x_wconf 88' lang='lat' dir='ltr'>si</span> <span class='ocrx_word' id='word_1_216' title='bbox 1501 2249 1566 2320; x_wconf 85' lang='lat' dir='ltr'>is,</span> <span class='ocrx_word' id='word_1_217' title='bbox 1593 2249 1691 2326; x_wconf 91' lang='lat' dir='ltr'>qui</span> <span class='ocrx_word' id='word_1_218' title='bbox 1724 2250 1960 2326; x_wconf 87' lang='lat' dir='ltr'>accepit,</span> 
     </span>
     <span class='ocr_line' id='line_1_28' title="bbox 278 2329 1959 2407; baseline 0 -21"><span class='ocrx_word' id='word_1_219' title='bbox 278 2329 425 2387; x_wconf 90' lang='lat' dir='ltr'>bene</span> <span class='ocrx_word' id='word_1_220' title='bbox 467 2330 662 2401; x_wconf 89' lang='lat' dir='ltr'>utitur,</span> <span class='ocrx_word' id='word_1_221' title='bbox 685 2330 902 2388; x_wconf 87' lang='lat' dir='ltr'>idcireo</span> <span class='ocrx_word' id='word_1_222' title='bbox 943 2330 1009 2401; x_wconf 83' lang='lat' dir='ltr'>is,</span> <span class='ocrx_word' id='word_1_223' title='bbox 1036 2330 1136 2407; x_wconf 90' lang='lat' dir='ltr'>qui</span> <span class='ocrx_word' id='word_1_224' title='bbox 1178 2330 1355 2400; x_wconf 90' lang='lat' dir='ltr'>dedit,</span> <span class='ocrx_word' id='word_1_225' title='bbox 1380 2329 1561 2386; x_wconf 84' lang='lat' dir='ltr'>amice</span> <span class='ocrx_word' id='word_1_226' title='bbox 1603 2330 1779 2388; x_wconf 81' lang='lat' dir='ltr'>dedit.</span> <span class='ocrx_word' id='word_1_227' title='bbox 1868 2331 1959 2386; x_wconf 85' lang='lat'>71.</span> 
     </span>
     <span class='ocr_line' id='line_1_29' title="bbox 279 2407 1965 2488; baseline -0.001 -21"><span class='ocrx_word' id='word_1_228' title='bbox 279 2407 439 2479; x_wconf 83' lang='lat' dir='ltr'>Quae</span> <span class='ocrx_word' id='word_1_229' title='bbox 483 2412 636 2467; x_wconf 89' lang='lat' dir='ltr'>enim</span> <span class='ocrx_word' id='word_1_230' title='bbox 680 2409 880 2481; x_wconf 85' lang='lat' dir='ltr'>libido,</span> <span class='ocrx_word' id='word_1_231' title='bbox 919 2429 1063 2488; x_wconf 90' lang='lat' dir='ltr'>quae</span> <span class='ocrx_word' id='word_1_232' title='bbox 1109 2429 1177 2467; x_wconf 86' lang='lat' dir='ltr'>av</span> <span class='ocrx_word' id='word_1_233' title='bbox 1180 2410 1359 2480; x_wconf 80' lang='lat' dir='ltr'>aritia,</span> <span class='ocrx_word' id='word_1_234' title='bbox 1398 2409 1554 2488; x_wconf 93' lang='lat' dir='ltr'>quod</span> <span class='ocrx_word' id='word_1_235' title='bbox 1597 2409 1821 2467; x_wconf 84' lang='lat' dir='ltr'>facinus</span> <span class='ocrx_word' id='word_1_236' title='bbox 1865 2415 1965 2466; x_wconf 88' lang='lat' dir='ltr'>aut</span> 
     </span>
     <span class='ocr_line' id='line_1_30' title="bbox 280 2489 1965 2582; baseline 0 -36"><span class='ocrx_word' id='word_1_237' title='bbox 280 2489 587 2582; x_wconf 77' lang='lat' dir='ltr'>suscipitur</span> <span class='ocrx_word' id='word_1_238' title='bbox 613 2489 726 2548; x_wconf 83' lang='lat' dir='ltr'>uisi</span> <span class='ocrx_word' id='word_1_239' title='bbox 755 2490 996 2548; x_wconf 89' lang='lat' dir='ltr'>consilio</span> <span class='ocrx_word' id='word_1_240' title='bbox 1024 2497 1195 2567; x_wconf 89' lang='lat' dir='ltr'>capto</span> <span class='ocrx_word' id='word_1_241' title='bbox 1225 2496 1325 2546; x_wconf 88' lang='lat' dir='ltr'>aut</span> <span class='ocrx_word' id='word_1_242' title='bbox 1353 2489 1473 2547; x_wconf 88' lang='lat' dir='ltr'>sine</span> <span class='ocrx_word' id='word_1_243' title='bbox 1501 2489 1680 2547; x_wconf 89' lang='lat' dir='ltr'>animi</span> <span class='ocrx_word' id='word_1_244' title='bbox 1706 2497 1873 2547; x_wconf 88' lang='lat' dir='ltr'>motu</span> <span class='ocrx_word' id='word_1_245' title='bbox 1906 2495 1965 2546; x_wconf 87' lang='lat' dir='ltr'>et</span> 
     </span>
     <span class='ocr_line' id='line_1_31' title="bbox 278 2568 1966 2662; baseline -0.001 -36"><span class='ocrx_word' id='word_1_246' title='bbox 278 2569 648 2662; x_wconf 77' lang='lat' dir='ltr'>cogit-atione,</span> <span class='ocrx_word' id='word_1_247' title='bbox 671 2570 733 2627; x_wconf 89' lang='lat' dir='ltr'>id</span> <span class='ocrx_word' id='word_1_248' title='bbox 775 2577 878 2641; x_wconf 89' lang='lat' dir='ltr'>est,</span> <span class='ocrx_word' id='word_1_249' title='bbox 909 2571 1133 2628; x_wconf 88' lang='lat' dir='ltr'>ratione</span> <span class='ocrx_word' id='word_1_250' title='bbox 1174 2568 1502 2647; x_wconf 58' lang='lat' dir='ltr'>perficitur?</span> <span class='ocrx_word' id='word_1_251' title='bbox 1582 2569 1735 2627; x_wconf 88' lang='lat' dir='ltr'>Nam</span> <span class='ocrx_word' id='word_1_252' title='bbox 1778 2568 1966 2626; x_wconf 90' lang='lat' dir='ltr'>omnis</span> 
     </span>
     <span class='ocr_line' id='line_1_32' title="bbox 280 2648 1968 2727; baseline -0.001 -21"><span class='ocrx_word' id='word_1_253' title='bbox 280 2649 482 2724; x_wconf 90' lang='lat' dir='ltr'>opinio</span> <span class='ocrx_word' id='word_1_254' title='bbox 515 2650 664 2707; x_wconf 87' lang='lat' dir='ltr'>ratio</span> <span class='ocrx_word' id='word_1_255' title='bbox 698 2658 802 2722; x_wconf 88' lang='lat' dir='ltr'>est,</span> <span class='ocrx_word' id='word_1_256' title='bbox 827 2657 886 2707; x_wconf 88' lang='lat' dir='ltr'>et</span> <span class='ocrx_word' id='word_1_257' title='bbox 912 2649 1153 2727; x_wconf 73' lang='lat' dir='ltr'>&#39;quidem</span> <span class='ocrx_word' id='word_1_258' title='bbox 1190 2649 1342 2706; x_wconf 89' lang='lat' dir='ltr'>bona</span> <span class='ocrx_word' id='word_1_259' title='bbox 1373 2649 1537 2721; x_wconf 78' lang='lat' dir='ltr'>ratic,</span> <span class='ocrx_word' id='word_1_260' title='bbox 1562 2649 1611 2707; x_wconf 83' lang='lat' dir='ltr'>si</span> <span class='ocrx_word' id='word_1_261' title='bbox 1644 2669 1792 2720; x_wconf 84' lang='lat' dir='ltr'>vera,</span> <span class='ocrx_word' id='word_1_262' title='bbox 1815 2648 1968 2706; x_wconf 88' lang='lat' dir='ltr'>mala</span> 
     </span>
     <span class='ocr_line' id='line_1_33' title="bbox 280 2728 1966 2806; baseline 0.001 -22"><span class='ocrx_word' id='word_1_263' title='bbox 280 2735 493 2798; x_wconf 86' lang='lat' dir='ltr'>autem,</span> <span class='ocrx_word' id='word_1_264' title='bbox 517 2728 565 2785; x_wconf 87' lang='lat' dir='ltr'>si</span> <span class='ocrx_word' id='word_1_265' title='bbox 591 2728 738 2786; x_wconf 83' lang='lat' dir='ltr'>falsa</span> <span class='ocrx_word' id='word_1_266' title='bbox 769 2737 858 2786; x_wconf 87' lang='lat' dir='ltr'>est</span> <span class='ocrx_word' id='word_1_267' title='bbox 887 2730 1103 2806; x_wconf 78' lang='lat' dir='ltr'>opinio,</span> <span class='ocrx_word' id='word_1_268' title='bbox 1189 2729 1303 2787; x_wconf 88' lang='lat' dir='ltr'>Sed</span> <span class='ocrx_word' id='word_1_269' title='bbox 1332 2749 1367 2786; x_wconf 91' lang='lat' dir='ltr'>a</span> <span class='ocrx_word' id='word_1_270' title='bbox 1398 2730 1507 2787; x_wconf 93' lang='lat' dir='ltr'>deo</span> <span class='ocrx_word' id='word_1_271' title='bbox 1536 2736 1764 2788; x_wconf 87' lang='lat' dir='ltr'>tantum</span> <span class='ocrx_word' id='word_1_272' title='bbox 1797 2728 1966 2786; x_wconf 92' lang='lat' dir='ltr'>ratio-</span> 
     </span>
     <span class='ocr_line' id='line_1_34' title="bbox 279 2807 1967 2880; baseline -0.001 -16"><span class='ocrx_word' id='word_1_273' title='bbox 279 2827 414 2864; x_wconf 89' lang='lat' dir='ltr'>nem</span> <span class='ocrx_word' id='word_1_274' title='bbox 443 2807 738 2880; x_wconf 73' lang='lat' dir='ltr'>habemuS,</span> <span class='ocrx_word' id='word_1_275' title='bbox 759 2809 806 2866; x_wconf 91' lang='lat' dir='ltr'>si</span> <span class='ocrx_word' id='word_1_276' title='bbox 826 2810 1002 2867; x_wconf 89' lang='lat' dir='ltr'>modo</span> <span class='ocrx_word' id='word_1_277' title='bbox 1023 2809 1317 2879; x_wconf 79' lang='lat' dir='ltr'>habemuS‚</span> <span class='ocrx_word' id='word_1_278' title='bbox 1339 2808 1547 2866; x_wconf 89' lang='lat' dir='ltr'>bonam</span> <span class='ocrx_word' id='word_1_279' title='bbox 1578 2816 1769 2866; x_wconf 89' lang='lat' dir='ltr'>autem</span> <span class='ocrx_word' id='word_1_280' title='bbox 1798 2808 1967 2864; x_wconf 87' lang='lat' dir='ltr'>ratio-</span> 
     </span>
     <span class='ocr_line' id='line_1_35' title="bbox 279 2887 1969 2963; baseline 0 -20"><span class='ocrx_word' id='word_1_281' title='bbox 279 2906 417 2944; x_wconf 90' lang='lat' dir='ltr'>nem</span> <span class='ocrx_word' id='word_1_282' title='bbox 450 2894 551 2944; x_wconf 90' lang='lat' dir='ltr'>aut</span> <span class='ocrx_word' id='word_1_283' title='bbox 576 2907 694 2945; x_wconf 88' lang='lat' dir='ltr'>non</span> <span class='ocrx_word' id='word_1_284' title='bbox 727 2889 939 2946; x_wconf 90' lang='lat' dir='ltr'>bonam</span> <span class='ocrx_word' id='word_1_285' title='bbox 981 2909 1016 2946; x_wconf 88' lang='lat' dir='ltr'>a</span> <span class='ocrx_word' id='word_1_286' title='bbox 1055 2889 1237 2946; x_wconf 77' lang='lat' dir='ltr'>nobiS.</span> <span class='ocrx_word' id='word_1_287' title='bbox 1324 2889 1459 2947; x_wconf 89' lang='lat' dir='ltr'>Non</span> <span class='ocrx_word' id='word_1_288' title='bbox 1502 2889 1673 2958; x_wconf 89' lang='lat' dir='ltr'>enim,</span> <span class='ocrx_word' id='word_1_289' title='bbox 1698 2895 1763 2945; x_wconf 88' lang='lat' dir='ltr'>ut</span> <span class='ocrx_word' id='word_1_290' title='bbox 1795 2887 1969 2963; x_wconf 88' lang='lat' dir='ltr'>patri-</span> 
     </span>
     <span class='ocr_line' id='line_1_36' title="bbox 279 2966 1967 3045; baseline -0.001 -21"><span class='ocrx_word' id='word_1_291' title='bbox 279 2967 543 3024; x_wconf 89' lang='lat' dir='ltr'>monium</span> <span class='ocrx_word' id='word_1_292' title='bbox 594 2967 949 3045; x_wconf 86' lang='lat' dir='ltr'>relinquitur,</span> <span class='ocrx_word' id='word_1_293' title='bbox 987 2969 1066 3026; x_wconf 89' lang='lat' dir='ltr'>sic</span> <span class='ocrx_word' id='word_1_294' title='bbox 1108 2969 1254 3026; x_wconf 88' lang='lat' dir='ltr'>ratio</span> <span class='ocrx_word' id='word_1_295' title='bbox 1298 2976 1385 3026; x_wconf 89' lang='lat' dir='ltr'>est</span> <span class='ocrx_word' id='word_1_296' title='bbox 1424 2968 1648 3025; x_wconf 87' lang='lat' dir='ltr'>homini</span> <span class='ocrx_word' id='word_1_297' title='bbox 1688 2966 1967 3024; x_wconf 90' lang='lat' dir='ltr'>beneficio</span> 
     </span>
     <span class='ocr_line' id='line_1_37' title="bbox 281 3045 1969 3124; baseline -0.001 -20"><span class='ocrx_word' id='word_1_298' title='bbox 281 3046 522 3106; x_wconf 88' lang='lat' dir='ltr'>deorum</span> <span class='ocrx_word' id='word_1_299' title='bbox 565 3047 716 3107; x_wconf 88' lang='lat' dir='ltr'>data.</span> <span class='ocrx_word' id='word_1_300' title='bbox 801 3047 956 3118; x_wconf 84' lang='lat' dir='ltr'>Quid</span> <span class='ocrx_word' id='word_1_301' title='bbox 983 3047 1142 3106; x_wconf 76' lang='lat' dir='ltr'>‘enim</span> <span class='ocrx_word' id='word_1_302' title='bbox 1176 3049 1373 3124; x_wconf 89' lang='lat' dir='ltr'>potius</span> <span class='ocrx_word' id='word_1_303' title='bbox 1409 3047 1743 3105; x_wconf 87' lang='lat' dir='ltr'>hominibus</span> <span class='ocrx_word' id='word_1_304' title='bbox 1784 3045 1969 3104; x_wconf 87' lang='lat' dir='ltr'>dedis-</span> 
     </span>
     <span class='ocr_line' id='line_1_38' title="bbox 283 3127 1969 3198; baseline -0.002 -13"><span class='ocrx_word' id='word_1_305' title='bbox 283 3134 426 3198; x_wconf 83' lang='lat' dir='ltr'>sent,</span> <span class='ocrx_word' id='word_1_306' title='bbox 451 3129 500 3186; x_wconf 87' lang='lat' dir='ltr'>si</span> <span class='ocrx_word' id='word_1_307' title='bbox 528 3127 600 3186; x_wconf 86' lang='lat' dir='ltr'>iis</span> <span class='ocrx_word' id='word_1_308' title='bbox 632 3147 838 3186; x_wconf 90' lang='lat' dir='ltr'>nocere</span> <span class='ocrx_word' id='word_1_309' title='bbox 869 3128 1215 3186; x_wconf 68' lang='lat' dir='ltr'>voiuissent?</span> <span class='ocrx_word' id='word_1_310' title='bbox 1296 3127 1619 3185; x_wconf 84' lang='lat' dir='ltr'>Iniustitiae</span> <span class='ocrx_word' id='word_1_311' title='bbox 1652 3134 1861 3197; x_wconf 90' lang='lat' dir='ltr'>autem,</span> <span class='ocrx_word' id='word_1_312' title='bbox 1886 3127 1969 3183; x_wconf 92' lang='lat' dir='ltr'>in-</span> 
     </span>
     <span class='ocr_line' id='line_1_39' title="bbox 280 3205 1969 3286; baseline -0.002 -20"><span class='ocrx_word' id='word_1_313' title='bbox 280 3209 712 3286; x_wconf 80' lang='lat' dir='ltr'>temperantiae,</span> <span class='ocrx_word' id='word_1_314' title='bbox 736 3208 1067 3267; x_wconf 85' lang='lat' dir='ltr'>timiditatis</span> <span class='ocrx_word' id='word_1_315' title='bbox 1110 3227 1255 3283; x_wconf 89' lang='lat' dir='ltr'>quae</span> <span class='ocrx_word' id='word_1_316' title='bbox 1296 3208 1515 3266; x_wconf 83' lang='lat' dir='ltr'>semina</span> <span class='ocrx_word' id='word_1_317' title='bbox 1554 3215 1759 3279; x_wconf 86' lang='lat' dir='ltr'>essent,</span> <span class='ocrx_word' id='word_1_318' title='bbox 1790 3207 1840 3266; x_wconf 88' lang='lat' dir='ltr'>si</span> <span class='ocrx_word' id='word_1_319' title='bbox 1879 3205 1969 3264; x_wconf 88' lang='lat' dir='ltr'>his</span> 
     </span>
    </p>
   </div>
  </div>
 </body>
</html>
