2199 3546
201 158 299 205 256
871 156 973 205 DE
1005 155 1209 207 FATO.

201 256 286 315 ita
311 263 616 315 nascantur
641 256 1113 315 antecedentibus
1144 255 1329 314 causis
1355 257 1610 333 itemque
1638 256 1891 314 valentes

201 343 263 396 et
287 335 578 407 imbecilli,
602 355 721 393 non
750 337 1008 413 sequitur
1034 343 1229 394 tamen
1262 343 1329 394 ut
1356 337 1526 394 ctiam
1564 335 1759 394 sedere
1792 356 1892 394 eos

201 423 263 475 et
288 415 578 474 ambulare
611 423 670 474 et
697 434 817 473 rem
850 435 1018 493 agere
1046 416 1297 493 aliquam
1325 414 1737 493 principalibus
1764 435 1893 473 cau-

203 497 282 553 sis
330 494 630 554 definitum
679 502 739 553 et
787 496 1165 553 constitutum
1216 496 1306 553 sit.
1410 501 1500 553 10.
1546 494 1889 572 Stilponem,

203 574 554 651 Megaricum
593 575 1021 653 philosophum,
1053 581 1283 632 acutum
1328 594 1461 633 sane
1493 574 1789 632 hominem
1832 583 1893 632 et

203 655 511 731 probatum
559 654 916 730 temporibus
959 654 1074 712 illis
1118 655 1457 732 accepimus.
1541 654 1717 711 Hunc
1761 654 1894 713 scri·

203 734 352 792 bunt
397 735 578 813 ipsius
619 734 930 791 familiares
976 741 1036 792 et
1078 734 1367 792 ebriosum
1416 741 1476 791 et
1520 734 1891 791 mulierosum

202 814 398 886 fuisse,
437 833 624 891 neque
667 813 778 871 hoc
821 813 1077 871 scribunt
1114 814 1517 892 vituperantes,
1554 814 1657 871 sed
1695 814 1894 891 potius

205 894 279 951 ad
305 893 567 951 laudem:
603 894 867 950 vitiosam
899 894 1052 951 enim
1081 902 1346 951 naturam
1374 893 1446 951 ab
1468 913 1539 951 eo
1568 894 1649 951 sic
1677 893 1894 951 edomi-

203 981 324 1031 tam
357 980 418 1031 et
445 992 825 1050 compressam
862 992 983 1031 esse
1011 973 1290 1044 doctrina,
1315 982 1382 1031 ut
1410 992 1581 1030 nemo
1614 992 1890 1051 umquam

205 1052 558 1110 vinolentum
590 1052 770 1123 illum,
795 1071 966 1109 nemo
999 1054 1062 1110 iu
1095 1073 1165 1110 eo
1193 1053 1451 1111 libidinis
1478 1054 1785 1130 vestigium
1814 1053 1894 1110 vi-

205 1132 369 1191 derit.
453 1130 646 1200 Quid?
713 1130 1008 1190 Socratem
1062 1152 1255 1190 nonne
1302 1133 1549 1210 legimus
1598 1152 1769 1210 quem
1817 1131 1894 1190 ad

205 1211 441 1269 modum
479 1211 692 1269 notarit
723 1210 984 1289 Zopyrus
1016 1212 1505 1289 physiognomon,
1538 1214 1638 1290 qui
1672 1232 1731 1270 se
1763 1231 1895 1289 pro-

203 1290 473 1349 fitebatur
518 1290 820 1348 hominum
876 1310 1064 1349 mores
1117 1300 1461 1370 naturasque
1516 1312 1585 1350 cx
1634 1310 1888 1369 corpore,

205 1370 402 1443 oculis,
432 1370 612 1442 vultu,
641 1371 834 1429 fronte
875 1373 1249 1448 pernoscere?
1288 1372 1587 1449 stupidum
1629 1391 1750 1429 esse
1791 1371 1895 1429 So-

205 1457 418 1509 cratem
443 1451 612 1530 ·dixit
655 1459 714 1509 et
753 1450 1013 1523 bardum,
1045 1452 1204 1529 quod
1242 1452 1441 1529 iugula
1483 1470 1732 1510 concava
1772 1468 1892 1508 nou

204 1529 457 1601 haberet,
481 1530 804 1588 obstructas
829 1550 924 1587 eas
951 1540 1144 1609 partes
1176 1539 1235 1589 et
1264 1531 1559 1589 obturatas
1591 1550 1712 1590 esse
1745 1531 1894 1588 dice-

206 1607 338 1668 bat:
383 1610 608 1669 addidit
640 1610 830 1681 etiam,
862 1611 1267 1671 mulierosum:
1318 1612 1377 1667 in
1414 1630 1529 1688 quo
1564 1610 1893 1669 Alcibiades

103 1714 112 1723 ·
207 1690 546 1747 cachinnum
581 1690 794 1747 dicitur
833 1689 1142 1747 sustulisse.
1231 1696 1321 1748 11.
1367 1690 1484 1748 Sed
1516 1690 1655 1749 haec
1689 1710 1755 1748 ex
1798 1708 1893 1746 na-

206 1770 485 1830 turalibus
517 1770 699 1828 causis
727 1769 867 1828 vitia
899 1770 1053 1828 nasci
1081 1779 1342 1849 possunt,
1366 1770 1666 1848 exstirpari
1698 1778 1892 1828 autem

206 1858 267 1908 et
296 1851 564 1909 funditus
594 1851 737 1922 tolli,
768 1858 834 1909 ut
866 1850 916 1908 is
947 1851 1088 1928 ipse,
1122 1851 1221 1930 qui
1254 1851 1327 1908 ad
1360 1869 1427 1908 ea
1460 1869 1779 1928 propensus
1804 1850 1894 1906 fu-

207 1931 332 2003 erit,
363 1950 397 1988 a
435 1930 612 1989 tantis
645 1931 800 1988 vitiis
833 1937 1118 2001 avocetur,
1148 1949 1264 1988 non
1310 1938 1397 1988 est
1440 1931 1502 1988 id
1542 1929 1798 2008 positum
1831 1929 1891 1986 in

205 2011 560 2069 naturalibus
579 2011 778 2082 causis,
803 2011 986 2068 sedin
1007 2010 1320 2079 voluntate,
1340 2010 1551 2082 studi0,
1572 2009 1890 2086 disciplina.

208 2088 367 2159 Quae
394 2089 676 2148 tolluntur
702 2090 913 2160 omnia,
938 2090 986 2147 si
1014 2090 1103 2146 vis
1130 2097 1189 2148 et
1216 2097 1418 2146 natura
1444 2089 1553 2147 fati
1582 2109 1653 2148 ex
1680 2089 1897 2147 divina—

206 2169 384 2226 tionis
409 2170 630 2228 ratione
657 2168 992 2227 firmabitur.

289 2249 393 2306 VI.
477 2248 709 2306 Etenim
743 2249 794 2306 si
825 2255 916 2305 est
946 2249 1243 2321 divinatio,
1277 2249 1672 2326 qualibusnam
1706 2268 1742 2306 a
1772 2267 1896 2325 per-

208 2329 390 2405 ceptis
423 2327 562 2384 artis
593 2326 1008 2404 proficiscitur?
1049 2335 1319 2408 percepta
1357 2328 1603 2407 appello,
1636 2348 1781 2406 quae
1813 2328 1897 2385 di·

209 2414 416 2465 cuntur
457 2405 671 2464 Graece
711 2409 1050 2483 θεωρήματα.
1137 2408 1195 2466 N
1196 2428 1273 2466 on
1318 2411 1471 2466 enim
1516 2409 1688 2466 credo
1735 2406 1895 2465 nullo

209 2495 481 2565 percepto
521 2494 624 2544 aut
655 2493 874 2544 ceteros
906 2485 1151 2545 artifices
1183 2490 1391 2546 versari
1424 2489 1486 2545 in
1522 2508 1627 2546 suo
1661 2506 1895 2546 munere

209 2573 309 2625 aut
350 2585 463 2639 eoa,
501 2567 601 2644 qui
642 2566 996 2625 divinatione
1035 2574 1289 2639 utantur,
1324 2569 1523 2626 futura
1552 2568 1892 2645 praedicere.

213 2652 303 2704 12.
349 2647 498 2705 Sunt
537 2647 718 2724 igitur
757 2647 1179 2724 astrologorum
1213 2656 1483 2726 percepta
1522 2646 1695 2705 huius
1733 2646 1895 2704 modi

213 2727 246 2752 “
267 2725 330 2783 Si
358 2727 503 2805 quis,
535 2726 694 2784 verbi
727 2746 912 2799 causa,
945 2728 1163 2785 oriente
1196 2727 1471 2786 Canicula
1510 2735 1681 2785 natus
1712 2733 1817 2798 est,
1848 2726 1897 2782 is

210 2805 269 2862 in
297 2807 444 2864 mari
470 2825 589 2864 non
615 2805 949 2865 morietur.''
1032 2807 1245 2884 Vigila,
1269 2807 1611 2885 Chrysippe,
1636 2825 1709 2865 ne
1735 2813 1896 2864 tuam

211 2903 456 2954 causam,
488 2886 548 2943 in
583 2905 696 2963 qua
727 2885 836 2944 tibi
869 2905 1000 2944 cum
1034 2886 1315 2944 Diodoro
1332 2886 1557 2945 valente
1598 2886 1897 2944 dialectico

209 2981 421 3041 magna
440 2966 677 3023 luctatio
705 2972 808 3036 est,
832 2966 1071 3024 deseras,
1138 2965 1202 3023 Si
1222 2966 1377 3024 enim
1398 2974 1486 3024 est
1506 2985 1720 3036 verum,
1742 2964 1897 3041 quod

211 3042 296 3100 ita
335 3045 654 3102 conectitur
697 3045 732 3072 “
751 3043 813 3102 Si
857 3045 986 3122 quis
1028 3045 1245 3103 oriente
1280 3044 1555 3103 Canicula
1588 3052 1759 3102 natus
1792 3051 1879 3100 est

209 3121 271 3179 in
306 3124 451 3180 mari
482 3143 602 3181 non
635 3124 966 3195 morietur‚''
999 3124 1140 3182 illud
1176 3144 1404 3202 quoque
1434 3144 1629 3182 verum
1664 3131 1752 3181 est
1782 3123 1815 3150 ‘⁴
1836 3087 1924 3180 ff

213 3198 423 3260 Fabius
464 3203 684 3261 oriente
725 3202 1000 3262 Canicula
1042 3211 1212 3262 natus
1255 3212 1361 3273 est,
1401 3204 1609 3262 Fabius
1652 3203 1713 3260 in
1754 3202 1899 3259 mari
