<?xml version="1.0" encoding="UTF-8"?>
<!DOCTYPE html PUBLIC "-//W3C//DTD XHTML 1.0 Transitional//EN"
    "http://www.w3.org/TR/xhtml1/DTD/xhtml1-transitional.dtd">
<html xmlns="http://www.w3.org/1999/xhtml" xml:lang="en" lang="en">
 <head>
  <title>
</title>
<meta http-equiv="Content-Type" content="text/html;charset=utf-8" />
  <meta name='ocr-system' content='tesseract 3.04.00' />
  <meta name='ocr-capabilities' content='ocr_page ocr_carea ocr_par ocr_line ocrx_word'/>
</head>
<body>
  <div class='ocr_page' id='page_1' title='image "./denaturadeorumd00cicegoog_0224.png"; bbox 0 0 2199 3546; ppageno 0'>
   <div class='ocr_carea' id='block_1_1' title="bbox 219 117 1374 200">
    <p class='ocr_par' dir='ltr' id='par_1_1' title="bbox 219 117 1374 200">
     <span class='ocr_line' id='line_1_1' title="bbox 219 117 1374 200; baseline -0.002 -1"><span class='ocrx_word' id='word_1_1' title='bbox 219 150 315 199; x_wconf 77' lang='lat'>214</span> <span class='ocrx_word' id='word_1_2' title='bbox 525 158 566 193; x_wconf 59' lang='lat'>⁴.</span> <span class='ocrx_word' id='word_1_3' title='bbox 691 117 696 125; x_wconf 77' lang='grc'><em>’</em></span> <span class='ocrx_word' id='word_1_4' title='bbox 713 149 835 199; x_wconf 78' lang='lat' dir='ltr'>-DE</span> <span class='ocrx_word' id='word_1_5' title='bbox 871 147 1374 200; x_wconf 74' lang='lat' dir='ltr'>mva&#39;rmNE.</span> 
     </span>
    </p>
   </div>
   <div class='ocr_carea' id='block_1_2' title="bbox 183 248 1936 3291">
    <p class='ocr_par' dir='ltr' id='par_1_2' title="bbox 183 248 1936 3190">
     <span class='ocr_line' id='line_1_2' title="bbox 220 248 1936 329; baseline -0.001 -22"><span class='ocrx_word' id='word_1_6' title='bbox 220 250 326 321; x_wconf 78' lang='lat' dir='ltr'>dit,</span> <span class='ocrx_word' id='word_1_7' title='bbox 356 250 424 308; x_wconf 88' lang='grc'>111</span> <span class='ocrx_word' id='word_1_8' title='bbox 451 256 499 329; x_wconf 75' lang='lat' dir='ltr'>si</span> <span class='ocrx_word' id='word_1_9' title='bbox 531 250 738 321; x_wconf 83' lang='lat' dir='ltr'>evenit,</span> <span class='ocrx_word' id='word_1_10' title='bbox 768 256 1061 308; x_wconf 88' lang='lat' dir='ltr'>ostentum</span> <span class='ocrx_word' id='word_1_11' title='bbox 1095 269 1218 308; x_wconf 89' lang='lat' dir='ltr'>esse</span> <span class='ocrx_word' id='word_1_12' title='bbox 1254 256 1464 309; x_wconf 88' lang='lat' dir='ltr'>censet.</span> <span class='ocrx_word' id='word_1_13' title='bbox 1548 248 1815 309; x_wconf 82' lang='lat' dir='ltr'><strong>Utrum</strong></span> <span class='ocrx_word' id='word_1_14' title='bbox 1799 250 1936 327; x_wconf 85' lang='lat' dir='ltr'>1gi-</span> 
     </span>
     <span class='ocr_line' id='line_1_3' title="bbox 219 326 1903 407; baseline 0 -20"><span class='ocrx_word' id='word_1_15' title='bbox 219 336 330 401; x_wconf 86' lang='lat' dir='ltr'>tnr,</span> <span class='ocrx_word' id='word_1_16' title='bbox 360 326 510 387; x_wconf 67' lang='lat' dir='ltr'>curn</span> <span class='ocrx_word' id='word_1_17' title='bbox 537 331 802 407; x_wconf 79' lang='lat' dir='ltr'>concepit</span> <span class='ocrx_word' id='word_1_18' title='bbox 844 330 1002 388; x_wconf 85' lang='lat' dir='ltr'>mula</span> <span class='ocrx_word' id='word_1_19' title='bbox 1041 349 1116 387; x_wconf 90' lang='lat' dir='ltr'>an</span> <span class='ocrx_word' id='word_1_20' title='bbox 1158 349 1291 387; x_wconf 89' lang='lat' dir='ltr'>cum</span> <span class='ocrx_word' id='word_1_21' title='bbox 1332 328 1573 407; x_wconf 76' lang='lat' dir='ltr'>peperit,</span> <span class='ocrx_word' id='word_1_22' title='bbox 1610 336 1903 389; x_wconf 87' lang='lat' dir='ltr'>ostentum</span> 
     </span>
     <span class='ocr_line' id='line_1_4' title="bbox 219 374 1906 487; baseline 0 -20"><span class='ocrx_word' id='word_1_23' title='bbox 219 374 342 467; x_wconf 63' lang='lat' dir='ltr'>est&#39;ss</span> <span class='ocrx_word' id='word_1_24' title='bbox 423 416 516 469; x_wconf 84' lang='lat'>50.</span> <span class='ocrx_word' id='word_1_25' title='bbox 563 410 882 487; x_wconf 82' lang='lat' dir='ltr'>Conceptio</span> <span class='ocrx_word' id='word_1_26' title='bbox 939 418 1139 467; x_wconf 88' lang='lat' dir='ltr'>contra</span> <span class='ocrx_word' id='word_1_27' title='bbox 1192 417 1454 468; x_wconf 87' lang='lat' dir='ltr'>naturam</span> <span class='ocrx_word' id='word_1_28' title='bbox 1502 410 1762 480; x_wconf 83' lang='lat' dir='ltr'>fortasse,</span> <span class='ocrx_word' id='word_1_29' title='bbox 1803 410 1906 467; x_wconf 87' lang='lat' dir='ltr'>sed</span> 
     </span>
     <span class='ocr_line' id='line_1_5' title="bbox 218 454 1907 567; baseline 0.001 -20"><span class='ocrx_word' id='word_1_30' title='bbox 218 497 414 567; x_wconf 73' lang='lat' dir='ltr'>partus</span> <span class='ocrx_word' id='word_1_31' title='bbox 447 507 626 567; x_wconf 82' lang='lat' dir='ltr'>prope</span> <span class='ocrx_word' id='word_1_32' title='bbox 659 490 1020 547; x_wconf 72' lang='lat' dir='ltr'>necessarius</span> <span class='ocrx_word' id='word_1_33' title='bbox 1104 489 1337 550; x_wconf 90' lang='lat' dir='ltr'>XXIII.</span> <span class='ocrx_word' id='word_1_34' title='bbox 1383 488 1499 547; x_wconf 84' lang='lat' dir='ltr'>Sed</span> <span class='ocrx_word' id='word_1_35' title='bbox 1532 490 1674 567; x_wconf 89' lang='lat' dir='ltr'>quid</span> <span class='ocrx_word' id='word_1_36' title='bbox 1704 454 1907 567; x_wconf 66' lang='lat' dir='ltr'>plura?</span> 
     </span>
     <span class='ocr_line' id='line_1_6' title="bbox 219 567 1909 647; baseline 0.001 -21"><span class='ocrx_word' id='word_1_37' title='bbox 219 579 410 627; x_wconf 80' lang='lat' dir='ltr'>ortum</span> <span class='ocrx_word' id='word_1_38' title='bbox 438 567 734 639; x_wconf 75' lang='lat' dir='ltr'>videamus</span> <span class='ocrx_word' id='word_1_39' title='bbox 761 569 1189 646; x_wconf 85' lang='lat' dir='ltr'>haruspicinae:</span> <span class='ocrx_word' id='word_1_40' title='bbox 1234 570 1313 627; x_wconf 89' lang='lat' dir='ltr'>sic</span> <span class='ocrx_word' id='word_1_41' title='bbox 1340 568 1613 627; x_wconf 81' lang='lat' dir='ltr'>facillime</span> <span class='ocrx_word' id='word_1_42' title='bbox 1644 570 1784 647; x_wconf 88' lang='grc'>1111111</span> <span class='ocrx_word' id='word_1_43' title='bbox 1810 568 1909 627; x_wconf 87' lang='lat' dir='ltr'>ha·-</span> 
     </span>
     <span class='ocr_line' id='line_1_7' title="bbox 217 648 1908 727; baseline 0 -20"><span class='ocrx_word' id='word_1_44' title='bbox 217 648 352 707; x_wconf 84' lang='lat' dir='ltr'>beat</span> <span class='ocrx_word' id='word_1_45' title='bbox 388 650 746 707; x_wconf 78' lang='lat' dir='ltr'>auctoritatis</span> <span class='ocrx_word' id='word_1_46' title='bbox 780 649 1176 708; x_wconf 89' lang='lat' dir='ltr'>iudicabimus.</span> <span class='ocrx_word' id='word_1_47' title='bbox 1261 649 1448 727; x_wconf 83' lang='lat' dir='ltr'>Tages</span> <span class='ocrx_word' id='word_1_48' title='bbox 1490 650 1725 726; x_wconf 86' lang='lat' dir='ltr'>quidam</span> <span class='ocrx_word' id='word_1_49' title='bbox 1766 649 1908 712; x_wconf 88' lang='lat' dir='ltr'>dici-</span> 
     </span>
     <span class='ocr_line' id='line_1_8' title="bbox 217 728 1909 821; baseline 0 -34"><span class='ocrx_word' id='word_1_50' title='bbox 217 737 314 813; x_wconf 77' lang='lat' dir='ltr'>tur</span> <span class='ocrx_word' id='word_1_51' title='bbox 345 731 405 787; x_wconf 88' lang='lat' dir='ltr'>in</span> <span class='ocrx_word' id='word_1_52' title='bbox 439 748 578 807; x_wconf 82' lang='lat' dir='ltr'>agro</span> <span class='ocrx_word' id='word_1_53' title='bbox 620 729 1038 821; x_wconf 81' lang='lat' dir='ltr'>Tarquiniensi,</span> <span class='ocrx_word' id='word_1_54' title='bbox 1065 748 1199 787; x_wconf 88' lang='lat' dir='ltr'>cum</span> <span class='ocrx_word' id='word_1_55' title='bbox 1231 736 1383 788; x_wconf 85' lang='lat' dir='ltr'>terra</span> <span class='ocrx_word' id='word_1_56' title='bbox 1414 736 1666 789; x_wconf 85' lang='lat' dir='ltr'>araretur</span> <span class='ocrx_word' id='word_1_57' title='bbox 1706 736 1767 787; x_wconf 91' lang='lat' dir='ltr'>et</span> <span class='ocrx_word' id='word_1_58' title='bbox 1797 728 1909 787; x_wconf 88' lang='lat' dir='ltr'>sul-</span> 
     </span>
     <span class='ocr_line' id='line_1_9' title="bbox 219 806 1905 886; baseline 0.001 -20"><span class='ocrx_word' id='word_1_59' title='bbox 219 806 332 866; x_wconf 77' lang='lat' dir='ltr'>c&#39;us</span> <span class='ocrx_word' id='word_1_60' title='bbox 353 809 524 867; x_wconf 85' lang='lat' dir='ltr'>altius</span> <span class='ocrx_word' id='word_1_61' title='bbox 555 808 706 867; x_wconf 86' lang='lat' dir='ltr'>esset</span> <span class='ocrx_word' id='word_1_62' title='bbox 735 810 1062 885; x_wconf 73' lang='lat' dir='ltr'>impressae,</span> <span class='ocrx_word' id='word_1_63' title='bbox 1085 810 1377 867; x_wconf 83' lang='lat' dir='ltr'>exstitisse</span> <span class='ocrx_word' id='word_1_64' title='bbox 1410 816 1646 886; x_wconf 88' lang='lat' dir='ltr'>repente</span> <span class='ocrx_word' id='word_1_65' title='bbox 1680 816 1739 867; x_wconf 90' lang='lat' dir='ltr'>et</span> <span class='ocrx_word' id='word_1_66' title='bbox 1772 828 1905 867; x_wconf 89' lang='lat' dir='ltr'>eum</span> 
     </span>
     <span class='ocr_line' id='line_1_10' title="bbox 219 888 1908 967; baseline 0.001 -21"><span class='ocrx_word' id='word_1_67' title='bbox 219 889 452 949; x_wconf 85' lang='lat' dir='ltr'>adfatus</span> <span class='ocrx_word' id='word_1_68' title='bbox 471 908 615 961; x_wconf 88' lang='lat' dir='ltr'>esse,</span> <span class='ocrx_word' id='word_1_69' title='bbox 641 890 740 967; x_wconf 90' lang='lat' dir='ltr'>qui</span> <span class='ocrx_word' id='word_1_70' title='bbox 761 889 972 947; x_wconf 87' lang='lat' dir='ltr'>arabat.</span> <span class='ocrx_word' id='word_1_71' title='bbox 1057 889 1117 946; x_wconf 92' lang='lat' dir='ltr'>Is</span> <span class='ocrx_word' id='word_1_72' title='bbox 1133 897 1329 949; x_wconf 88' lang='lat' dir='ltr'>autem</span> <span class='ocrx_word' id='word_1_73' title='bbox 1351 889 1553 967; x_wconf 76' lang='lat' dir='ltr'>TageS,</span> <span class='ocrx_word' id='word_1_74' title='bbox 1578 889 1724 947; x_wconf 88' lang='lat' dir='ltr'>utin</span> <span class='ocrx_word' id='word_1_75' title='bbox 1745 888 1908 953; x_wconf 87' lang='lat' dir='ltr'>libris</span> 
     </span>
     <span class='ocr_line' id='line_1_11' title="bbox 183 968 1909 1047; baseline -0.001 -20"><span class='ocrx_word' id='word_1_76' title='bbox 183 1024 190 1033; x_wconf 81' lang='grc'>,</span> <span class='ocrx_word' id='word_1_77' title='bbox 220 976 308 1027; x_wconf 91' lang='lat' dir='ltr'>est</span> <span class='ocrx_word' id='word_1_78' title='bbox 339 970 728 1039; x_wconf 86' lang='lat' dir='ltr'>Etruscorum,</span> <span class='ocrx_word' id='word_1_79' title='bbox 759 969 964 1047; x_wconf 88' lang='lat' dir='ltr'>puerili</span> <span class='ocrx_word' id='word_1_80' title='bbox 1003 970 1193 1046; x_wconf 88' lang='lat' dir='ltr'>specie</span> <span class='ocrx_word' id='word_1_81' title='bbox 1226 970 1439 1029; x_wconf 86' lang='lat' dir='ltr'>dicitnr</span> <span class='ocrx_word' id='word_1_82' title='bbox 1470 970 1642 1040; x_wconf 77' lang='lat' dir='ltr'>viSUS,</span> <span class='ocrx_word' id='word_1_83' title='bbox 1672 968 1775 1029; x_wconf 83' lang='lat' dir='ltr'>sed</span> <span class='ocrx_word' id='word_1_84' title='bbox 1824 988 1909 1027; x_wconf 82' lang='lat' dir='ltr'>se·</span> 
     </span>
     <span class='ocr_line' id='line_1_12' title="bbox 219 1013 1908 1127; baseline 0.001 -21"><span class='ocrx_word' id='word_1_85' title='bbox 219 1050 324 1107; x_wconf 85' lang='lat' dir='ltr'>nili</span> <span class='ocrx_word' id='word_1_86' title='bbox 357 1050 534 1107; x_wconf 85' lang='lat' dir='ltr'>fuisse</span> <span class='ocrx_word' id='word_1_87' title='bbox 568 1050 890 1125; x_wconf 86' lang='lat' dir='ltr'>prudentia.</span> <span class='ocrx_word' id='word_1_88' title='bbox 973 1050 1115 1107; x_wconf 87' lang='lat' dir='ltr'>Eius</span> <span class='ocrx_word' id='word_1_89' title='bbox 1146 1056 1381 1127; x_wconf 87' lang='lat' dir='ltr'>aspectu</span> <span class='ocrx_word' id='word_1_90' title='bbox 1424 1068 1557 1107; x_wconf 87' lang='lat' dir='ltr'>cum</span> <span class='ocrx_word' id='word_1_91' title='bbox 1599 1013 1908 1126; x_wconf 63' lang='lat' dir='ltr'>o&#39;bstipuis-</span> 
     </span>
     <span class='ocr_line' id='line_1_13' title="bbox 220 1123 1907 1206; baseline 0.001 -20"><span class='ocrx_word' id='word_1_92' title='bbox 220 1137 306 1187; x_wconf 85' lang='lat' dir='ltr'>set</span> <span class='ocrx_word' id='word_1_93' title='bbox 335 1123 618 1187; x_wconf 80' lang='lat' dir='ltr'>bubulcus</span> <span class='ocrx_word' id='word_1_94' title='bbox 649 1129 1070 1206; x_wconf 83' lang='lat' dir='ltr'>clamoremque</span> <span class='ocrx_word' id='word_1_95' title='bbox 1104 1130 1383 1187; x_wconf 87' lang='lat' dir='ltr'>maiorem</span> <span class='ocrx_word' id='word_1_96' title='bbox 1417 1148 1550 1187; x_wconf 88' lang='lat' dir='ltr'>cum</span> <span class='ocrx_word' id='word_1_97' title='bbox 1578 1128 1907 1187; x_wconf 87' lang='lat' dir='ltr'>admiratio-</span> 
     </span>
     <span class='ocr_line' id='line_1_14' title="bbox 221 1208 1905 1287; baseline 0.001 -22"><span class='ocrx_word' id='word_1_98' title='bbox 221 1228 294 1265; x_wconf 89' lang='lat' dir='ltr'>ne</span> <span class='ocrx_word' id='word_1_99' title='bbox 321 1209 610 1279; x_wconf 85' lang='lat' dir='ltr'>edidisset,</span> <span class='ocrx_word' id='word_1_100' title='bbox 636 1226 976 1265; x_wconf 86' lang='lat' dir='ltr'>concursum</span> <span class='ocrx_word' id='word_1_101' title='bbox 1011 1228 1132 1267; x_wconf 89' lang='lat' dir='ltr'>esse</span> <span class='ocrx_word' id='word_1_102' title='bbox 1164 1210 1387 1267; x_wconf 82' lang='lat' dir='ltr'>factum</span> <span class='ocrx_word' id='word_1_103' title='bbox 1419 1215 1719 1287; x_wconf 88' lang='lat' dir='ltr'>totamque</span> <span class='ocrx_word' id='word_1_104' title='bbox 1745 1208 1905 1267; x_wconf 87' lang='lat' dir='ltr'>brevi</span> 
     </span>
     <span class='ocr_line' id='line_1_15' title="bbox 219 1285 1907 1366; baseline 0.001 -21"><span class='ocrx_word' id='word_1_105' title='bbox 219 1295 480 1366; x_wconf 90' lang='lat' dir='ltr'>tempore</span> <span class='ocrx_word' id='word_1_106' title='bbox 513 1289 573 1345; x_wconf 89' lang='lat' dir='ltr'>in</span> <span class='ocrx_word' id='word_1_107' title='bbox 606 1306 740 1346; x_wconf 86' lang='lat' dir='ltr'>eum</span> <span class='ocrx_word' id='word_1_108' title='bbox 770 1288 960 1347; x_wconf 90' lang='lat' dir='ltr'>locum</span> <span class='ocrx_word' id='word_1_109' title='bbox 989 1289 1278 1347; x_wconf 86' lang='lat' dir='ltr'>Etruriam</span> <span class='ocrx_word' id='word_1_110' title='bbox 1315 1290 1663 1360; x_wconf 77' lang='lat' dir='ltr'>convenisse,</span> <span class='ocrx_word' id='word_1_111' title='bbox 1688 1285 1815 1347; x_wconf 74' lang='lat' dir='ltr'>tuni</span> <span class='ocrx_word' id='word_1_112' title='bbox 1842 1288 1907 1347; x_wconf 90' lang='grc'>11-</span> 
     </span>
     <span class='ocr_line' id='line_1_16' title="bbox 220 1368 1908 1447; baseline 0.001 -22"><span class='ocrx_word' id='word_1_113' title='bbox 220 1368 341 1425; x_wconf 90' lang='lat' dir='ltr'>lum</span> <span class='ocrx_word' id='word_1_114' title='bbox 385 1368 552 1445; x_wconf 83' lang='lat' dir='ltr'>plura</span> <span class='ocrx_word' id='word_1_115' title='bbox 592 1368 854 1426; x_wconf 89' lang='lat' dir='ltr'>locutum</span> <span class='ocrx_word' id='word_1_116' title='bbox 901 1368 1101 1427; x_wconf 80' lang='lat' dir='ltr'>&#39;multis</span> <span class='ocrx_word' id='word_1_117' title='bbox 1148 1369 1531 1441; x_wconf 73' lang='lat' dir='ltr'>audientibuS,</span> <span class='ocrx_word' id='word_1_118' title='bbox 1565 1370 1665 1447; x_wconf 90' lang='lat' dir='ltr'>qui</span> <span class='ocrx_word' id='word_1_119' title='bbox 1710 1369 1908 1427; x_wconf 89' lang='lat' dir='ltr'>omnia</span> 
     </span>
     <span class='ocr_line' id='line_1_17' title="bbox 222 1445 1908 1528; baseline 0 -23"><span class='ocrx_word' id='word_1_120' title='bbox 222 1449 344 1506; x_wconf 91' lang='lat' dir='ltr'>eius</span> <span class='ocrx_word' id='word_1_121' title='bbox 387 1448 557 1507; x_wconf 86' lang='lat' dir='ltr'>verba</span> <span class='ocrx_word' id='word_1_122' title='bbox 587 1445 915 1526; x_wconf 86' lang='lat' dir='ltr'>exceperint</span> <span class='ocrx_word' id='word_1_123' title='bbox 948 1448 1269 1528; x_wconf 86' lang='lat' dir='ltr'>litterisque</span> <span class='ocrx_word' id='word_1_124' title='bbox 1309 1450 1741 1509; x_wconf 82' lang='lat' dir='ltr'>mandaverint:</span> <span class='ocrx_word' id='word_1_125' title='bbox 1786 1468 1908 1507; x_wconf 84' lang='lat' dir='ltr'>om-</span> 
     </span>
     <span class='ocr_line' id='line_1_18' title="bbox 221 1529 1906 1623; baseline 0.001 -38"><span class='ocrx_word' id='word_1_126' title='bbox 221 1548 354 1587; x_wconf 89' lang='lat' dir='ltr'>nem</span> <span class='ocrx_word' id='word_1_127' title='bbox 389 1537 580 1587; x_wconf 90' lang='lat' dir='ltr'>autem</span> <span class='ocrx_word' id='word_1_128' title='bbox 624 1530 944 1587; x_wconf 86' lang='lat' dir='ltr'>orationem</span> <span class='ocrx_word' id='word_1_129' title='bbox 977 1530 1157 1588; x_wconf 87' lang='lat' dir='ltr'>fuisse</span> <span class='ocrx_word' id='word_1_130' title='bbox 1190 1550 1333 1601; x_wconf 86' lang='lat' dir='ltr'>eam,</span> <span class='ocrx_word' id='word_1_131' title='bbox 1366 1550 1480 1607; x_wconf 88' lang='lat' dir='ltr'>qna</span> <span class='ocrx_word' id='word_1_132' title='bbox 1510 1529 1906 1623; x_wconf 87' lang='lat' dir='ltr'>haruspicinae</span> 
     </span>
     <span class='ocr_line' id='line_1_19' title="bbox 222 1608 1905 1687; baseline 0.001 -22"><span class='ocrx_word' id='word_1_133' title='bbox 222 1608 524 1686; x_wconf 86' lang='lat' dir='ltr'>disciplina</span> <span class='ocrx_word' id='word_1_134' title='bbox 563 1610 984 1667; x_wconf 85' lang='lat' dir='ltr'>contineretur·</span> <span class='ocrx_word' id='word_1_135' title='bbox 971 1654 984 1667; x_wconf 89' lang='lat'><strong>.</strong></span> <span class='ocrx_word' id='word_1_136' title='bbox 1041 1629 1169 1667; x_wconf 87' lang='lat' dir='ltr'>eam</span> <span class='ocrx_word' id='word_1_137' title='bbox 1210 1618 1415 1687; x_wconf 85' lang='lat' dir='ltr'>postea</span> <span class='ocrx_word' id='word_1_138' title='bbox 1453 1610 1696 1669; x_wconf 74' lang='lat' dir='ltr'>cre-‚visse</span> <span class='ocrx_word' id='word_1_139' title='bbox 1737 1609 1905 1667; x_wconf 89' lang='lat' dir='ltr'>rebus</span> 
     </span>
     <span class='ocr_line' id='line_1_20' title="bbox 221 1689 1905 1767; baseline 0.001 -22"><span class='ocrx_word' id='word_1_140' title='bbox 221 1690 387 1746; x_wconf 89' lang='lat' dir='ltr'>novis</span> <span class='ocrx_word' id='word_1_141' title='bbox 427 1690 839 1765; x_wconf 82' lang='lat' dir='ltr'>cognoscendis</span> <span class='ocrx_word' id='word_1_142' title='bbox 873 1697 932 1747; x_wconf 88' lang='lat' dir='ltr'>et</span> <span class='ocrx_word' id='word_1_143' title='bbox 965 1690 1037 1747; x_wconf 87' lang='lat' dir='ltr'>ad</span> <span class='ocrx_word' id='word_1_144' title='bbox 1072 1690 1273 1747; x_wconf 88' lang='lat' dir='ltr'>eadem</span> <span class='ocrx_word' id='word_1_145' title='bbox 1305 1689 1403 1749; x_wconf 86' lang='grc'>1119</span> <span class='ocrx_word' id='word_1_146' title='bbox 1436 1690 1721 1767; x_wconf 85' lang='lat' dir='ltr'>principia</span> <span class='ocrx_word' id='word_1_147' title='bbox 1760 1690 1905 1747; x_wconf 85' lang='lat' dir='ltr'>refe·</span> 
     </span>
     <span class='ocr_line' id='line_1_21' title="bbox 221 1768 1906 1848; baseline 0.001 -22"><span class='ocrx_word' id='word_1_148' title='bbox 221 1770 429 1827; x_wconf 87' lang='lat' dir='ltr'>rendis.</span> <span class='ocrx_word' id='word_1_149' title='bbox 515 1768 673 1828; x_wconf 87' lang='lat' dir='ltr'>Haec</span> <span class='ocrx_word' id='word_1_150' title='bbox 707 1770 1032 1847; x_wconf 87' lang='lat' dir='ltr'>accepimus</span> <span class='ocrx_word' id='word_1_151' title='bbox 1064 1770 1137 1827; x_wconf 90' lang='lat' dir='ltr'>ab</span> <span class='ocrx_word' id='word_1_152' title='bbox 1170 1770 1327 1848; x_wconf 75' lang='lat' dir='ltr'>ipsiS,</span> <span class='ocrx_word' id='word_1_153' title='bbox 1352 1770 1491 1830; x_wconf 85' lang='lat' dir='ltr'>haec</span> <span class='ocrx_word' id='word_1_154' title='bbox 1522 1770 1739 1847; x_wconf 84' lang='lat' dir='ltr'>scripta</span> <span class='ocrx_word' id='word_1_155' title='bbox 1772 1789 1906 1828; x_wconf 90' lang='lat' dir='ltr'>con-</span> 
     </span>
     <span class='ocr_line' id='line_1_22' title="bbox 223 1849 1905 1928; baseline 0.001 -22"><span class='ocrx_word' id='word_1_156' title='bbox 223 1857 463 1920; x_wconf 88' lang='lat' dir='ltr'>servant,</span> <span class='ocrx_word' id='word_1_157' title='bbox 487 1849 641 1908; x_wconf 88' lang='lat' dir='ltr'>hunc</span> <span class='ocrx_word' id='word_1_158' title='bbox 668 1850 893 1908; x_wconf 80' lang='lat' dir='ltr'>fontem</span> <span class='ocrx_word' id='word_1_159' title='bbox 926 1850 1140 1908; x_wconf 90' lang='lat' dir='ltr'>habent</span> <span class='ocrx_word' id='word_1_160' title='bbox 1167 1851 1518 1928; x_wconf 85' lang='lat' dir='ltr'>disciplinae.</span> <span class='ocrx_word' id='word_1_161' title='bbox 1606 1857 1699 1908; x_wconf 87' lang='lat'>51.</span> <span class='ocrx_word' id='word_1_162' title='bbox 1744 1849 1905 1908; x_wconf 88' lang='lat' dir='ltr'>Num</span> 
     </span>
     <span class='ocr_line' id='line_1_23' title="bbox 222 1930 1907 2007; baseline 0.001 -21"><span class='ocrx_word' id='word_1_163' title='bbox 222 1949 358 2006; x_wconf 87' lang='lat' dir='ltr'>ergo</span> <span class='ocrx_word' id='word_1_164' title='bbox 407 1949 553 2007; x_wconf 92' lang='lat' dir='ltr'>opus</span> <span class='ocrx_word' id='word_1_165' title='bbox 602 1937 687 1987; x_wconf 91' lang='lat' dir='ltr'>est</span> <span class='ocrx_word' id='word_1_166' title='bbox 731 1931 805 1988; x_wconf 88' lang='lat' dir='ltr'>ad</span> <span class='ocrx_word' id='word_1_167' title='bbox 849 1930 989 1989; x_wconf 88' lang='lat' dir='ltr'>haec</span> <span class='ocrx_word' id='word_1_168' title='bbox 1035 1931 1349 1989; x_wconf 86' lang='lat' dir='ltr'>refellenda</span> <span class='ocrx_word' id='word_1_169' title='bbox 1394 1930 1725 1988; x_wconf 69' lang='lat' dir='ltr'>Carneade?</span> <span class='ocrx_word' id='word_1_170' title='bbox 1764 1949 1907 1987; x_wconf 90' lang='lat' dir='ltr'>num</span> 
     </span>
     <span class='ocr_line' id='line_1_24' title="bbox 222 2009 1909 2089; baseline 0.001 -23"><span class='ocrx_word' id='word_1_171' title='bbox 222 2009 510 2086; x_wconf 64' lang='lat' dir='ltr'>Epicuro?</span> <span class='ocrx_word' id='word_1_172' title='bbox 590 2010 768 2068; x_wconf 87' lang='lat' dir='ltr'>Estne</span> <span class='ocrx_word' id='word_1_173' title='bbox 807 2011 1109 2089; x_wconf 87' lang='lat' dir='ltr'>quisquam</span> <span class='ocrx_word' id='word_1_174' title='bbox 1144 2012 1226 2069; x_wconf 85' lang='lat' dir='ltr'>ita</span> <span class='ocrx_word' id='word_1_175' title='bbox 1258 2011 1545 2088; x_wconf 86' lang='lat' dir='ltr'>desipiens</span> <span class='ocrx_word' id='word_1_176' title='bbox 1580 2011 1679 2088; x_wconf 87' lang='lat' dir='ltr'>qui</span> <span class='ocrx_word' id='word_1_177' title='bbox 1712 2009 1909 2069; x_wconf 86' lang='lat' dir='ltr'>credat</span> 
     </span>
     <span class='ocr_line' id='line_1_25' title="bbox 222 2090 1905 2162; baseline 0.001 -16"><span class='ocrx_word' id='word_1_178' title='bbox 222 2098 513 2147; x_wconf 88' lang='lat' dir='ltr'>exaratum</span> <span class='ocrx_word' id='word_1_179' title='bbox 541 2110 662 2148; x_wconf 89' lang='lat' dir='ltr'>esse</span> <span class='ocrx_word' id='word_1_180' title='bbox 690 2090 863 2148; x_wconf 89' lang='lat' dir='ltr'>deum</span> <span class='ocrx_word' id='word_1_181' title='bbox 893 2092 1081 2149; x_wconf 89' lang='lat' dir='ltr'>dicam</span> <span class='ocrx_word' id='word_1_182' title='bbox 1110 2111 1181 2149; x_wconf 87' lang='lat' dir='ltr'>an</span> <span class='ocrx_word' id='word_1_183' title='bbox 1210 2091 1544 2150; x_wconf 61' lang='lat' dir='ltr'>hominem?</span> <span class='ocrx_word' id='word_1_184' title='bbox 1625 2090 1690 2148; x_wconf 90' lang='lat' dir='ltr'>Si</span> <span class='ocrx_word' id='word_1_185' title='bbox 1710 2090 1905 2162; x_wconf 85' lang='lat' dir='ltr'>deum,</span> 
     </span>
     <span class='ocr_line' id='line_1_26' title="bbox 223 2170 1909 2247; baseline 0.001 -21"><span class='ocrx_word' id='word_1_186' title='bbox 223 2189 324 2226; x_wconf 87' lang='lat' dir='ltr'>cur</span> <span class='ocrx_word' id='word_1_187' title='bbox 367 2190 426 2227; x_wconf 86' lang='lat' dir='ltr'>se</span> <span class='ocrx_word' id='word_1_188' title='bbox 470 2180 670 2227; x_wconf 85' lang='lat' dir='ltr'>contra</span> <span class='ocrx_word' id='word_1_189' title='bbox 713 2178 974 2229; x_wconf 87' lang='lat' dir='ltr'>naturam</span> <span class='ocrx_word' id='word_1_190' title='bbox 1015 2173 1077 2229; x_wconf 90' lang='lat' dir='ltr'>in</span> <span class='ocrx_word' id='word_1_191' title='bbox 1120 2178 1326 2229; x_wconf 86' lang='lat' dir='ltr'>terram</span> <span class='ocrx_word' id='word_1_192' title='bbox 1371 2170 1614 2243; x_wconf 79' lang='lat' dir='ltr'>abdidit,</span> <span class='ocrx_word' id='word_1_193' title='bbox 1645 2177 1711 2230; x_wconf 89' lang='grc'>111</span> <span class='ocrx_word' id='word_1_194' title='bbox 1750 2178 1909 2247; x_wconf 87' lang='lat' dir='ltr'>pate-</span> 
     </span>
     <span class='ocr_line' id='line_1_27' title="bbox 221 2249 1907 2328; baseline 0.001 -22"><span class='ocrx_word' id='word_1_195' title='bbox 221 2249 410 2307; x_wconf 87' lang='lat' dir='ltr'>factus</span> <span class='ocrx_word' id='word_1_196' title='bbox 445 2257 631 2307; x_wconf 85' lang='lat' dir='ltr'>aratro</span> <span class='ocrx_word' id='word_1_197' title='bbox 665 2251 847 2308; x_wconf 88' lang='lat' dir='ltr'>lucem</span> <span class='ocrx_word' id='word_1_198' title='bbox 885 2252 1201 2328; x_wconf 61' lang='lat' dir='ltr'>aspiceret?</span> <span class='ocrx_word' id='word_1_199' title='bbox 1282 2251 1475 2320; x_wconf 69' lang='lat' dir='ltr'>Quid?</span> <span class='ocrx_word' id='word_1_200' title='bbox 1523 2250 1680 2309; x_wconf 86' lang='lat' dir='ltr'>idem</span> <span class='ocrx_word' id='word_1_201' title='bbox 1713 2267 1907 2308; x_wconf 88' lang='lat' dir='ltr'>nonne</span> 
     </span>
     <span class='ocr_line' id='line_1_28' title="bbox 224 2329 1907 2409; baseline 0.001 -23"><span class='ocrx_word' id='word_1_202' title='bbox 224 2336 450 2404; x_wconf 87' lang='lat' dir='ltr'>poterat</span> <span class='ocrx_word' id='word_1_203' title='bbox 478 2330 618 2387; x_wconf 90' lang='lat' dir='ltr'>deus</span> <span class='ocrx_word' id='word_1_204' title='bbox 645 2329 978 2388; x_wconf 88' lang='lat' dir='ltr'>hominibus</span> <span class='ocrx_word' id='word_1_205' title='bbox 1006 2331 1369 2408; x_wconf 82' lang='lat' dir='ltr'>disciplinam</span> <span class='ocrx_word' id='word_1_206' title='bbox 1398 2331 1688 2409; x_wconf 88' lang='lat' dir='ltr'>superiore</span> <span class='ocrx_word' id='word_1_207' title='bbox 1718 2349 1749 2388; x_wconf 91' lang='lat' dir='ltr'>e</span> <span class='ocrx_word' id='word_1_208' title='bbox 1774 2330 1907 2388; x_wconf 91' lang='lat' dir='ltr'>loco</span> 
     </span>
     <span class='ocr_line' id='line_1_29' title="bbox 222 2409 1905 2490; baseline 0.001 -24"><span class='ocrx_word' id='word_1_209' title='bbox 222 2410 482 2468; x_wconf 60' lang='lat' dir='ltr'>tradere?</span> <span class='ocrx_word' id='word_1_210' title='bbox 561 2409 624 2467; x_wconf 85' lang='lat' dir='ltr'>Si</span> <span class='ocrx_word' id='word_1_211' title='bbox 675 2417 866 2467; x_wconf 87' lang='lat' dir='ltr'>autem</span> <span class='ocrx_word' id='word_1_212' title='bbox 907 2412 1086 2469; x_wconf 89' lang='lat' dir='ltr'>homo</span> <span class='ocrx_word' id='word_1_213' title='bbox 1128 2411 1223 2470; x_wconf 88' lang='lat' dir='ltr'>ille</span> <span class='ocrx_word' id='word_1_214' title='bbox 1265 2411 1449 2488; x_wconf 86' lang='lat' dir='ltr'>Tages</span> <span class='ocrx_word' id='word_1_215' title='bbox 1489 2411 1621 2484; x_wconf 81' lang='lat' dir='ltr'>fuit,</span> <span class='ocrx_word' id='word_1_216' title='bbox 1654 2416 1905 2490; x_wconf 85' lang='lat' dir='ltr'>quonam</span> 
     </span>
     <span class='ocr_line' id='line_1_30' title="bbox 223 2490 1911 2568; baseline 0.002 -22"><span class='ocrx_word' id='word_1_217' title='bbox 223 2490 400 2547; x_wconf 90' lang='lat' dir='ltr'>modo</span> <span class='ocrx_word' id='word_1_218' title='bbox 430 2490 624 2567; x_wconf 88' lang='lat' dir='ltr'>potuit</span> <span class='ocrx_word' id='word_1_219' title='bbox 650 2496 800 2548; x_wconf 86' lang='lat' dir='ltr'>terra</span> <span class='ocrx_word' id='word_1_220' title='bbox 832 2510 1137 2568; x_wconf 85' lang='lat' dir='ltr'>oppressus</span> <span class='ocrx_word' id='word_1_221' title='bbox 1164 2492 1389 2550; x_wconf 61' lang='lat' dir='ltr'>vivere?</span> <span class='ocrx_word' id='word_1_222' title='bbox 1428 2492 1583 2550; x_wconf 89' lang='lat' dir='ltr'>unde</span> <span class='ocrx_word' id='word_1_223' title='bbox 1609 2509 1782 2568; x_wconf 88' lang='lat' dir='ltr'>porro</span> <span class='ocrx_word' id='word_1_224' title='bbox 1810 2490 1911 2550; x_wconf 79' lang='lat' dir='ltr'>illa</span> 
     </span>
     <span class='ocr_line' id='line_1_31' title="bbox 222 2569 1908 2664; baseline 0.001 -38"><span class='ocrx_word' id='word_1_225' title='bbox 222 2570 433 2662; x_wconf 86' lang='lat' dir='ltr'>potuit,</span> <span class='ocrx_word' id='word_1_226' title='bbox 459 2589 603 2662; x_wconf 84' lang='grc'>111199</span> <span class='ocrx_word' id='word_1_227' title='bbox 637 2569 881 2629; x_wconf 87' lang='lat' dir='ltr'>docebat</span> <span class='ocrx_word' id='word_1_228' title='bbox 913 2571 1071 2644; x_wconf 87' lang='lat' dir='ltr'>alios,</span> <span class='ocrx_word' id='word_1_229' title='bbox 1103 2572 1227 2664; x_wconf 78' lang='lat' dir='ltr'>ipse</span> <span class='ocrx_word' id='word_1_230' title='bbox 1260 2571 1565 2630; x_wconf 65' lang='lat' dir='ltr'>didicisse?</span> <span class='ocrx_word' id='word_1_231' title='bbox 1646 2570 1763 2629; x_wconf 87' lang='lat' dir='ltr'>Sed</span> <span class='ocrx_word' id='word_1_232' title='bbox 1796 2589 1908 2648; x_wconf 82' lang='lat' dir='ltr'>ego</span> 
     </span>
     <span class='ocr_line' id='line_1_32' title="bbox 222 2649 1909 2730; baseline 0.001 -24"><span class='ocrx_word' id='word_1_233' title='bbox 222 2649 586 2728; x_wconf 86' lang='lat' dir='ltr'>insipientior</span> <span class='ocrx_word' id='word_1_234' title='bbox 619 2669 792 2728; x_wconf 86' lang='lat' dir='ltr'>quam</span> <span class='ocrx_word' id='word_1_235' title='bbox 825 2651 909 2708; x_wconf 89' lang='lat' dir='ltr'>illi</span> <span class='ocrx_word' id='word_1_236' title='bbox 941 2652 1070 2729; x_wconf 90' lang='lat' dir='ltr'>ipsi,</span> <span class='ocrx_word' id='word_1_237' title='bbox 1097 2652 1197 2730; x_wconf 89' lang='lat' dir='ltr'>qui</span> <span class='ocrx_word' id='word_1_238' title='bbox 1230 2652 1343 2710; x_wconf 87' lang='lat' dir='ltr'>ista</span> <span class='ocrx_word' id='word_1_239' title='bbox 1373 2650 1631 2722; x_wconf 87' lang='lat' dir='ltr'>credunt,</span> <span class='ocrx_word' id='word_1_240' title='bbox 1656 2650 1758 2729; x_wconf 93' lang='lat' dir='ltr'>qui</span> <span class='ocrx_word' id='word_1_241' title='bbox 1786 2651 1909 2728; x_wconf 89' lang='lat' dir='ltr'>qui-</span> 
     </span>
     <span class='ocr_line' id='line_1_33' title="bbox 224 2729 1909 2808; baseline 0 -22"><span class='ocrx_word' id='word_1_242' title='bbox 224 2729 356 2787; x_wconf 89' lang='lat' dir='ltr'>dem</span> <span class='ocrx_word' id='word_1_243' title='bbox 401 2737 602 2788; x_wconf 85' lang='lat' dir='ltr'>contra</span> <span class='ocrx_word' id='word_1_244' title='bbox 628 2750 726 2788; x_wconf 91' lang='lat' dir='ltr'>eos</span> <span class='ocrx_word' id='word_1_245' title='bbox 758 2737 880 2788; x_wconf 87' lang='lat' dir='ltr'>tam</span> <span class='ocrx_word' id='word_1_246' title='bbox 913 2731 1016 2788; x_wconf 88' lang='lat' dir='ltr'>diu</span> <span class='ocrx_word' id='word_1_247' title='bbox 1049 2732 1357 2808; x_wconf 87' lang='lat' dir='ltr'>disputem.</span> <span class='ocrx_word' id='word_1_248' title='bbox 1442 2730 1672 2790; x_wconf 90' lang='lat' dir='ltr'>XXIV.</span> <span class='ocrx_word' id='word_1_249' title='bbox 1718 2731 1909 2790; x_wconf 88' lang='lat' dir='ltr'>Vetus</span> 
     </span>
     <span class='ocr_line' id='line_1_34' title="bbox 224 2810 1908 2888; baseline 0.001 -22"><span class='ocrx_word' id='word_1_250' title='bbox 224 2816 415 2868; x_wconf 88' lang='lat' dir='ltr'>autem</span> <span class='ocrx_word' id='word_1_251' title='bbox 444 2810 588 2868; x_wconf 89' lang='lat' dir='ltr'>illud</span> <span class='ocrx_word' id='word_1_252' title='bbox 617 2810 856 2870; x_wconf 86' lang='lat' dir='ltr'>Catonis</span> <span class='ocrx_word' id='word_1_253' title='bbox 883 2812 1197 2869; x_wconf 82' lang='lat' dir='ltr'>admodum</span> <span class='ocrx_word' id='word_1_254' title='bbox 1225 2813 1433 2870; x_wconf 88' lang='lat' dir='ltr'>scitum</span> <span class='ocrx_word' id='word_1_255' title='bbox 1462 2819 1565 2883; x_wconf 88' lang='lat' dir='ltr'>est,</span> <span class='ocrx_word' id='word_1_256' title='bbox 1592 2811 1690 2888; x_wconf 90' lang='lat' dir='ltr'>qui</span> <span class='ocrx_word' id='word_1_257' title='bbox 1712 2811 1908 2878; x_wconf 80' lang='lat' dir='ltr'>mirari</span> 
     </span>
     <span class='ocr_line' id='line_1_35' title="bbox 225 2889 1907 2970; baseline 0 -23"><span class='ocrx_word' id='word_1_258' title='bbox 225 2907 284 2946; x_wconf 86' lang='lat' dir='ltr'>se</span> <span class='ocrx_word' id='word_1_259' title='bbox 311 2889 500 2948; x_wconf 86' lang='lat' dir='ltr'>aiebat</span> <span class='ocrx_word' id='word_1_260' title='bbox 529 2889 684 2968; x_wconf 91' lang='lat' dir='ltr'>quod</span> <span class='ocrx_word' id='word_1_261' title='bbox 705 2911 822 2948; x_wconf 89' lang='lat' dir='ltr'>non</span> <span class='ocrx_word' id='word_1_262' title='bbox 843 2891 1054 2950; x_wconf 87' lang='lat' dir='ltr'>rideret</span> <span class='ocrx_word' id='word_1_263' title='bbox 1075 2892 1375 2970; x_wconf 84' lang='lat' dir='ltr'>haruspex,</span> <span class='ocrx_word' id='word_1_264' title='bbox 1396 2892 1754 2969; x_wconf 86' lang='lat' dir='ltr'>haruspicem</span> <span class='ocrx_word' id='word_1_265' title='bbox 1773 2909 1907 2948; x_wconf 88' lang='lat' dir='ltr'>cum</span> 
     </span>
     <span class='ocr_line' id='line_1_36' title="bbox 223 2969 1910 3050; baseline 0.001 -25"><span class='ocrx_word' id='word_1_266' title='bbox 223 2969 474 3028; x_wconf 87' lang='lat' dir='ltr'>vidisset.</span> <span class='ocrx_word' id='word_1_267' title='bbox 563 2975 654 3028; x_wconf 81' lang='lat'>52.</span> <span class='ocrx_word' id='word_1_268' title='bbox 701 2970 894 3040; x_wconf 80' lang='lat' dir='ltr'>Quota</span> <span class='ocrx_word' id='word_1_269' title='bbox 925 2972 1080 3028; x_wconf 91' lang='lat' dir='ltr'>enim</span> <span class='ocrx_word' id='word_1_270' title='bbox 1116 2991 1373 3050; x_wconf 87' lang='lat' dir='ltr'>quaeque</span> <span class='ocrx_word' id='word_1_271' title='bbox 1406 2992 1496 3031; x_wconf 89' lang='lat' dir='ltr'>res</span> <span class='ocrx_word' id='word_1_272' title='bbox 1529 2971 1719 3029; x_wconf 89' lang='lat' dir='ltr'>evenit</span> <span class='ocrx_word' id='word_1_273' title='bbox 1752 2989 1910 3047; x_wconf 88' lang='lat' dir='ltr'>prae-</span> 
     </span>
     <span class='ocr_line' id='line_1_37' title="bbox 224 3049 1908 3130; baseline 0.001 -25"><span class='ocrx_word' id='word_1_274' title='bbox 224 3049 380 3106; x_wconf 88' lang='lat' dir='ltr'>dicta</span> <span class='ocrx_word' id='word_1_275' title='bbox 417 3050 494 3107; x_wconf 89' lang='lat' dir='ltr'>ab</span> <span class='ocrx_word' id='word_1_276' title='bbox 523 3051 684 3108; x_wconf 70' lang='lat' dir='ltr'>istis?</span> <span class='ocrx_word' id='word_1_277' title='bbox 731 3058 832 3108; x_wconf 89' lang='lat' dir='ltr'>aut</span> <span class='ocrx_word' id='word_1_278' title='bbox 865 3052 912 3109; x_wconf 90' lang='lat' dir='ltr'>si</span> <span class='ocrx_word' id='word_1_279' title='bbox 947 3052 1139 3109; x_wconf 84' lang='lat' dir='ltr'>evenit</span> <span class='ocrx_word' id='word_1_280' title='bbox 1173 3052 1487 3130; x_wconf 85' lang='lat' dir='ltr'>quippiam,</span> <span class='ocrx_word' id='word_1_281' title='bbox 1519 3051 1660 3129; x_wconf 90' lang='lat' dir='ltr'>quid</span> <span class='ocrx_word' id='word_1_282' title='bbox 1693 3050 1908 3112; x_wconf 83' lang='lat' dir='ltr'>adferri</span> 
     </span>
     <span class='ocr_line' id='line_1_38' title="bbox 224 3131 1907 3198; baseline 0.002 -14"><span class='ocrx_word' id='word_1_283' title='bbox 224 3135 418 3186; x_wconf 77' lang='lat' dir='ltr'>notest</span> <span class='ocrx_word' id='word_1_284' title='bbox 451 3149 552 3187; x_wconf 89' lang='lat' dir='ltr'>cur</span> <span class='ocrx_word' id='word_1_285' title='bbox 584 3150 699 3188; x_wconf 93' lang='lat' dir='ltr'>non</span> <span class='ocrx_word' id='word_1_286' title='bbox 729 3150 861 3188; x_wconf 87' lang='lat' dir='ltr'>casu</span> <span class='ocrx_word' id='word_1_287' title='bbox 890 3131 952 3188; x_wconf 89' lang='lat' dir='ltr'>id</span> <span class='ocrx_word' id='word_1_288' title='bbox 980 3133 1268 3190; x_wconf 64' lang='lat' dir='ltr'>evenerit?</span> <span class='ocrx_word' id='word_1_289' title='bbox 1347 3133 1472 3190; x_wconf 86' lang='lat' dir='ltr'>Rex</span> <span class='ocrx_word' id='word_1_290' title='bbox 1501 3132 1749 3198; x_wconf 85' lang='lat' dir='ltr'>Prusias,</span> <span class='ocrx_word' id='word_1_291' title='bbox 1774 3149 1907 3188; x_wconf 89' lang='lat' dir='ltr'>cum</span> 
     </span>
    </p>

    <p class='ocr_par' dir='ltr' id='par_1_3' title="bbox 281 3207 1910 3291">
     <span class='ocr_line' id='line_1_39' title="bbox 281 3207 1910 3291; baseline 0.001 -25.02"><span class='ocrx_word' id='word_1_292' title='bbox 281 3207 539 3267; x_wconf 61' lang='lat' dir='ltr'>&#39;annibali</span> <span class='ocrx_word' id='word_1_293' title='bbox 579 3211 735 3287; x_wconf 89' lang='lat' dir='ltr'>apud</span> <span class='ocrx_word' id='word_1_294' title='bbox 775 3230 908 3270; x_wconf 89' lang='lat' dir='ltr'>eum</span> <span class='ocrx_word' id='word_1_295' title='bbox 950 3211 1232 3271; x_wconf 87' lang='lat' dir='ltr'>exsulanti</span> <span class='ocrx_word' id='word_1_296' title='bbox 1274 3212 1591 3291; x_wconf 86' lang='lat' dir='ltr'>depugnari</span> <span class='ocrx_word' id='word_1_297' title='bbox 1638 3211 1910 3290; x_wconf 80' lang='lat' dir='ltr'>placeret,</span> 
     </span>
    </p>
   </div>
  </div>
 </body>
</html>
