2199 3546
604 123 742 174 Lm.
775 124 872 186 11.‚
895 123 1052 174 cAP.
1076 123 1434 186 xva-xz,
1457 122 1487 184 ς
1508 125 1690 174 39-45.
1889 128 1995 184 211,

293 246 372 284 113
405 225 773 303 perspicuum
807 233 894 284 est
927 245 996 284 ex
1029 226 1219 303 prima
1248 225 1629 283 admiratione
1663 225 1983 297 hominum,

298 307 460 383 quod
485 306 742 364 tonitrua
769 306 1062 382 iactusque
1091 305 1403 363 fulminum
1434 306 1849 377 extimuissent,
1875 325 1987 364 cre-

295 386 515 444 didisse
548 405 616 444 ea
648 385 866 444 efficere
900 405 1088 443 rerum
1134 386 1395 443 omnium
1428 392 1863 463 praepotentem
1899 385 1987 444 Io-

297 467 462 528 vem?
543 465 757 543 Itaque.
781 467 840 523 in
877 466 1086 525 nost-ris
1120 466 1547 525 commentariis
1580 464 1857 542 scriptum
1891 466 1987 523 ha-

295 545 530 606 bemus:
597 547 630 574 ‘⁴
650 546 786 606 Iove
834 553 1074 604 tonante
1122 546 1452 622 fulgurante
1501 545 1737 606 comitia
1784 546 1985 622 populi

295 625 508 685 habere
535 626 753 685 nefas.’'
839 631 932 684 43.
977 626 1112 684 Hoc
1145 626 1388 683 fortasse
1416 626 1498 684 rei
1528 625 1788 702 publicae
1817 645 1987 684 causa

296 706 680 764 constitutum
721 713 823 766 est.
908 705 1296 766 Comitiorum
1340 706 1495 766 enim
1535 725 1654 764 non
1699 703 1987 766 habendo-

294 805 426 842 rum
460 805 656 846 causas
689 806 810 846 esse
845 786 1165 845 voluerunt.
1250 785 1453 863 Itaque
1486 785 1853 844 comitiorum
1896 804 1987 844 so-

295 865 418 923 lum
468 865 672 926 vitium
721 872 808 926 est
853 866 1094 938 fulmen,
1122 866 1280 944 quod
1322 866 1481 924 idem
1522 865 1791 924 omnibus
1818 865 1987 924 rebus

295 945 586 1022 optimum
612 947 931 1024 auspicium
953 946 1247 1018 habemus,
1272 947 1320 1004 si
1350 946 1643 1006 sinistrum
1670 945 1800 1004 fuit.
1870 944 1987 1004 Sed

294 1025 370 1086 de
418 1026 686 1102 auspiciis
728 1027 842 1084 alio
883 1026 1030 1097 1000,
1069 1046 1223 1085 nunc
1268 1026 1341 1084 de
1384 1025 1727 1102 fulguribus,
1813 1025 1981 1086 XIX.

295 1105 452 1174 Quid
482 1106 662 1184 igitur
691 1107 883 1164 minus
917 1127 952 1165 a
977 1107 1234 1184 physicis
1267 1106 1382 1166 dici
1416 1105 1589 1165 debet
1622 1125 1795 1184 quam
1830 1107 1985 1184 quic-

297 1205 470 1262 quam
505 1187 645 1246 certi
673 1186 980 1264 significari
1013 1187 1185 1245 rebus
1218 1187 1485 1246 incertis?
1566 1186 1625 1245 N
1626 1206 1701 1246 on
1738 1187 1889 1245 enim
1925 1193 1984 1244 te

294 1276 442 1343 puto
476 1285 598 1324 esse
629 1286 777 1339 eum,
806 1267 906 1344 qui·
940 1267 1064 1327 Iovi
1098 1266 1321 1326 fulmen
1354 1267 1667 1326 fabricatos
1709 1286 1831 1326 esse
1873 1265 1985 1342 Cy·

296 1346 492 1422 clopas
513 1346 574 1404 in
605 1346 794 1405 Aetna
815 1353 1000 1425 puteS.
1086 1352 1181 1406 44.
1218 1347 1368 1406 Nam
1399 1354 1547 1406 esset
1566 1346 1843 1418 mirabile,
1869 1365 1983 1423 quo

295 1426 474 1486 modo
503 1427 566 1484 id
586 1425 850 1504 Iuppiter
869 1427 1084 1487 totiens
1105 1427 1330 1498 iaceret,
1356 1446 1489 1487 cum
1510 1445 1689 1484 unum
1712 1426 1981 1484 haberet:

296 1525 402 1564 nec
432 1526 566 1568 vero
594 1506 936 1566 fulminibus
956 1507 1221 1566 homines
1250 1507 1393 1584 quid
1418 1514 1518 1564 aut
1544 1506 1877 1565 faciendum
1906 1526 1987 1564 es-

297 1594 384 1644 set
411 1594 512 1644 aut
539 1587 855 1646 cavendum
883 1594 1159 1647 moneret.
1245 1586 1445 1646 Placet
1472 1586 1627 1646 enim
1648 1585 1859 1644 Stoicis
1888 1605 1987 1644 eos

296 1667 584 1727 anhelitus
622 1674 822 1738 terrae,
855 1668 954 1746 qui
988 1667 1190 1744 frigidi
1232 1667 1365 1739 sint,
1398 1687 1529 1726 cum
1571 1666 1746 1724 fluere
1788 1685 1987 1742 coepe-

297 1747 430 1819 rint,
453 1754 658 1807 ventos
690 1766 846 1807 esse:
889 1767 1022 1807 cum
1049 1756 1245 1807 antem
1272 1767 1333 1807 se
1359 1748 1418 1807 in
1451 1745 1663 1807 nubem
1692 1747 1987 1805 induerint

297 1828 530 1905 eiusque
568 1828 963 1887 tenuissimam
999 1847 1285 1906 quamque
1320 1836 1541 1905 partem
1576 1828 1871 1904 coeperint
1904 1827 1987 1885 di-

296 1907 489 1966 videre
521 1916 694 1985 atque
727 1908 1081 1985 disrumpere
1114 1908 1290 1985 idque
1319 1908 1569 1969 crebrius
1595 1908 1782 1965 facere
1810 1914 1869 1964 et
1898 1926 1987 1965 ve-

296 1988 637 2059 hementius„
653 1996 779 2047 tum
799 1995 858 2047 et
874 1988 1131 2066 fulgores
1150 1997 1208 2047 et
1224 1989 1481 2047 tonitrua
1498 1987 1789 2047 exsistere:
1827 1987 1875 2043 si
1892 2007 1987 2045 au-

295 2075 418 2125 tem
445 2069 688 2127 nubium
715 2068 987 2127 conflictu
1015 2068 1187 2126 ardor
1214 2088 1513 2146 expressus
1542 2087 1603 2125 se
1630 2067 1899 2139 emiserit,
1922 2068 1985 2127 id

297 2168 419 2207 esse
452 2148 690 2207 fulmen.
767 2148 939 2218 Quod
967 2150 1147 2226 igitur
1173 2150 1232 2206 vi
1260 2157 1512 2221 naturae,
1542 2147 1700 2205 nulla
1726 2156 1988 2208 constan-

295 2229 396 2300 tia,
419 2229 578 2287 nullo
606 2236 732 2287 rato
754 2236 1018 2306 tempore
1047 2228 1307 2287 videmus
1335 2228 1499 2299 effici,
1524 2248 1593 2285 ex
1616 2248 1685 2285 eo
1706 2228 1987 2305 significa-

297 2309 519 2367 tionem
560 2329 749 2367 rerum
783 2310 1260 2387 consequentium
1296 2309 1655 2386 quaerimus?
1736 2307 1982 2381 Scilicet,

298 2389 350 2445 si
376 2389 486 2447 ista
517 2388 781 2467 Iuppiter
807 2388 1172 2467 significaret,
1197 2396 1317 2447 tam
1345 2389 1529 2446 multa
1555 2389 1769 2447 frustra
1794 2388 1987 2446 fulmi-

297 2488 374 2526 na
401 2470 720 2528 emitteret!
803 2475 898 2527 45.
935 2469 1090 2538 Quid
1120 2470 1275 2527 enim
1297 2469 1540 2547 proficit,
1564 2486 1699 2525 cum
1720 2468 1780 2525 in
1808 2468 1987 2526 medi-

297 2568 399 2605 um
427 2567 581 2606 mare
609 2548 832 2607 fulmen
858 2550 1030 2607 iecit?
1073 2550 1230 2626 quid,
1254 2568 1385 2607 cum
1408 2549 1467 2606 in
1498 2548 1806 2606 altissimos
1826 2566 1988 2605 mon-

296 2636 402 2697 teS,
429 2628 585 2705 quod
617 2629 952 2706 plerumque
985 2627 1088 2687 fit?
1131 2629 1287 2706 quid,
1313 2648 1444 2686 cum
1479 2628 1539 2685 in
1573 2628 1825 2686 desertas
1858 2627 1989 2684 soli-

296 2707 566 2766 tudines?
608 2708 745 2786 quid
776 2728 908 2766 cum
929 2708 990 2765 in
1013 2728 1207 2766 earum
1228 2709 1490 2786 gentium
1518 2728 1662 2779 oras,
1694 2707 1753 2763 in
1780 2706 1987 2784 quibus

297 2786 438 2845 haec
459 2807 533 2845 ne
563 2787 935 2845 observantur
957 2788 1228 2865 quidem?
1300 2788 1437 2845 XX.
1473 2788 1558 2848 At
1580 2788 1879 2849 inventum
1902 2794 1987 2844 est

296 2874 474 2944 caput
503 2867 566 2925 in
595 2867 804 2925 Tiberi.
892 2867 1067 2937 Quasi
1104 2888 1211 2945 ego
1244 2876 1425 2926 artem
1459 2868 1709 2945 aliquam
1744 2867 1987 2923 istorum

297 2966 420 3006 esse
453 2948 694 3025 negem!
775 2947 1211 3005 Divinationem
1244 2967 1410 3025 nego,
1495 2947 1655 3005 Caeli
1688 2946 1842 3003 enim
1878 2946 1989 3003 dis-

296 3027 556 3099 tributio,
594 3046 766 3105 quam
801 3035 934 3084 ante
968 3025 1105 3095 dixi,
1136 3035 1195 3085 et
1228 3035 1508 3087 certarum
1541 3046 1729 3089 rerum
1761 3026 1987 3083 notatio

298 3107 470 3165 docet
489 3108 644 3165 unde
665 3108 888 3165 fulmen
909 3108 1145 3178 venerit,
1168 3126 1283 3183 quo
1306 3106 1677 3163 concesserit:
1714 3106 1855 3182 quid
1880 3106 1983 3178 sig

295 3186 494 3246 nificet
523 3196 716 3247 autem
745 3186 902 3245 nulla
927 3187 1074 3246 ratio
1104 3152 1291 3244 docet.
1376 3184 1492 3241 Sed
1519 3202 1687 3258 urges
1719 3202 1811 3239 me
1845 3186 1988 3241 meis

299 3266 588 3327 versibus:
