2199 3546
213 149 290 196 ει».
457 185 462 190 .
665 146 764 198 nn
797 142 1453 218 NATURA-DEORUM.
1516 192 1523 212 ἶ
1588 157 1593 160 -

214 247 672 325 impendentium
701 247 992 304 montium
1017 245 1353 305 altitudines
1373 244 1909 323 immensitatesque

212 345 580 403 camporum:
625 326 774 384 adde
817 327 991 384 etiam
1032 325 1359 384 reconditas
1398 325 1541 392 auri*
1564 326 1907 403 argentique

212 425 384 464 venas
410 405 810 482 infinitamque
831 406 950 462 vim
978 406 1295 462 marmoris.
1372 411 1467 470 99.
1496 405 1659 475 Quae
1680 425 1814 464 vero
1844 413 1905 464 et

213 505 384 564 quam
401 486 558 542 varia
576 505 786 562 genera
805 484 1117 543 bestiarum
1136 485 1223 542 vel
1247 486 1502 544 cicurum
1520 485 1609 543 'vel
1626 486 1899 559 ferarum,

213 566 314 642 qui
346 565 646 624 volucrum*
675 565 868 644 lapsus
899 572 1071 642 atque
1106 572 1325 636 cautim,
1350 566 1451 642 qui
1483 565 1771 642 pecudum
1805 585 1907 642 pa—

213 653 352 716 stus,
377 665 522 724 quae
552 646 670 704 vita
695 645 1042 704 silvestrium
1062 645 1098 704 l⁴
1160 644 1317 714 Quid
1344 645 1476 708 iam.¹
1494 645 1567 704 de
1594 645 1903 704 hominum

211 745 420 802 genere
460 725 690 784 dicam?
739 725 840 802 qui
883 725 1046 802 quasi
1086 725 1334 790 cultores
1374 732 1557 784 terrae
1598 725 1904 784 constituti

211 825 332 864 non
351 807 652 882 patiuntur
677 824 803 864 eam
832 824 937 864 nec
965 805 1327 865 immanitate
1352 805 1649 867 beluarum
1678 806 1905 863 efferari

211 905 317 944 nec
351 885 617 962 stirpium
651 884 958 962 asperitate
984 885 1209 956 vastari,
1234 904 1596 963 quorumque
1628 885 1905 963 operibus

212 965 352 1042 agri,
377 964 593 1023 insulae
621 965 902 1042 litoraque
930 965 1215 1024 collucent
1242 965 1517 1030 distincta
1535 967 1703 1024 tectis
1730 973 1789 1024 et
1812 985 1905 1022 ur·
1990 1025 1994 1029 ,

213 1045 396 1102 bibus,
481 1044 641 1112 Quae
681 1045 730 1102 si
771 1053 838 1102 ut
877 1045 1101 1116 animis,
1132 1044 1215 1102 sic
1257 1045 1439 1104 oculis
1466 1045 1671 1110 *videre
1709 1065 1907 1122 posse·

211 1143 355 1194 muS,
377 1143 549 1182 nemo
577 1131 841 1183 cunctam
865 1125 1096 1182 intuens
1116 1132 1327 1184 terram
1357 1125 1428 1182 de
1457 1125 1653 1184 divina
1678 1125 1901 1184 ratione

211 1203 518 1262 dubitaret.
591 1210 722 1262 100.
754 1204 840 1262 At
866 1224 1001 1262 vero
1031 1212 1247 1282 quanta
1272 1206 1447 1264 maris
1472 1213 1561 1262 est
1588 1204 1905 1281 pulchritu-

213 1285 308 1357 do,
335 1303 480 1362 quae
509 1285 726 1363 species
753 1285 1020 1356 universi,
1045 1304 1191 1362 quae
1222 1285 1537 1350 multitudo
1570 1292 1639 1342 ct‘
1661 1284 1902 1350 varietas

210 1364 542 1437 insularum,
557 1383 704 1442 quae
723 1365 1103 1424 amoenitates
1124 1385 1350 1425 orarum
1372 1385 1438 1422 ac
1459 1365 1725 1422 litorum!
1756 1372 1905 1442 quot

209 1464 420 1522 genera
453 1464 740 1522 quamque
773 1445 1026 1522 disparia
1058 1447 1271 1520 partim
1304 1445 1743 1516 submersarum,
1776 1464 1904 1521 par-

211 1526 320 1583 tim
360 1525 715 1584 fluitantium
759 1531 819 1583 et
859 1525 1186 1585 innantium
1229 1524 1541 1596 beluarum,
1570 1525 1783 1602 partim
1824 1525 1903 1582 ad

212 1625 347 1664 saxa
373 1606 585 1663 nativis
611 1606 774 1665 testis
795 1605 1251 1662 inhaerentium!
1293 1604 1489 1681 Ipsum
1519 1611 1715 1672 autem
1741 1624 1901 1668 mare

212 1686 293 1743 sic
319 1693 530 1743 terram
563 1692 841 1762 appetens
873 1683 1141 1742 litoribus
1172 1683 1405 1755 claudit,
1428 1689 1496 1742 ut
1525 1703 1641 1742 una
1666 1705 1734 1742 ex
1763 1684 1903 1742 dua-

209 1764 319 1823 bus
352 1766 572 1824 naturis
604 1763 851 1823 conflata
877 1764 1157 1825 videatur.
1246 1770 1377 1823 101.
1414 1764 1565 1826 Exin
1599 1765 1743 1831 mari
1775 1764 1901 1823 fini-

211 1846 389 1905 timus
421 1850 522 1903 aer
548 1846 643 1905 die
675 1852 735 1903 et
763 1852 934 1903 nocte
967 1845 1359 1929 distinguitur,
1384 1845 1547 1923 isque
1580 1852 1705 1913 tum
1735 1846 1901 1905 fusus

211 1933 272 1984 et
291 1933 632 1985 extenuatus
659 1926 902 1985 sublime
923 1926 1123 1997 fertur,
1143 1935 1267 1983 tum
1297 1933 1492 1983 autem
1514 1934 1813 1983 concretus
1835 1926 1904 1983 in

211 2006 394 2064 nubes
421 2008 649 2084 cogitur
675 2020 1048 2083 umoremque
1071 2006 1345 2083 colligens
1366 2013 1577 2078 terram
1600 2013 1773 2083 auget
1796 2006 1903 2063 im-

212 2086 426 2157 bribuS,
447 2094 574 2144 tum
602 2087 838 2165 effluens
864 2086 977 2145 huc
1005 2093 1064 2144 et
1085 2086 1219 2145 illuc
1241 2097 1445 2145 ventos
1473 2086 1662 2145 efficit.
1733 2086 1899 2143 Idem

212 2185 430 2223 annuas
456 2167 740 2242 frigorum
769 2174 828 2223 et
855 2166 1107 2225 calorum
1137 2166 1279 2225 facit
1300 2167 1602 2231 varietates
1630 2166 1901 2244 idemque

213 2253 272 2303 ct
293 2245 514 2303 volatus
536 2246 738 2303 alitum
761 2246 1003 2303 sustinet
1029 2254 1089 2303 et
1112 2246 1315 2323 spiritu
1344 2247 1553 2307 ductus
1580 2247 1682 2305 alit
1704 2254 1761 2305 et
1783 2266 1901 2303 sus-

211 2332 400 2382 tentat
439 2325 773 2381 animantes,
860 2324 983 2383 XL.
1028 2325 1231 2385 Restat
1264 2327 1502 2387 ult-imus
1543 2336 1604 2386 et
1642 2347 1677 2385 a
1717 2327 1901 2385 domi-

213 2405 360 2462 ciliis
401 2404 612 2462 nostris
655 2404 967 2463 altissimus
1013 2407 1210 2465 omnia
1253 2408 1491 2485 cingens
1531 2416 1590 2467 et
1630 2415 1900 2473 coercens

213 2484 354 2543 caeli
395 2483 743 2561 complexuS‚
781 2484 878 2561 qui
921 2484 1078 2543 idem
1126 2486 1323 2545 aether
1363 2495 1615 2558 vocatur,
1646 2495 1900 2545 extrema

214 2584 314 2622 ora
342 2570 400 2622 et
427 2564 830 2622 determinatio
858 2564 1080 2636 mundi,
1105 2565 1168 2622 in
1196 2585 1312 2642 quo
1341 2585 1472 2623 cum
1495 2565 1900 2623 admirabilita-

211 2652 271 2701 te
299 2644 552 2703 maxima
577 2645 778 2721 igneae
805 2644 1028 2703 formae
1049 2661 1247 2703 cursus
1274 2645 1571 2703 ordinatos
1598 2644 1895 2703 definiunt.

215 2730 349 2781 102.
386 2724 436 2781 Ε
471 2724 676 2801 quibus
717 2723 820 2795 sol,
849 2725 1013 2783 cuius
1055 2725 1455 2801 magnitudine
1498 2724 1695 2783 multis
1728 2724 1901 2803 parti·

212 2803 321 2860 bus
341 2811 492 2861 terra
519 2810 830 2879 superatur,
852 2804 1067 2862 circum
1097 2824 1223 2862 eam
1246 2805 1428 2882 ipsam
1454 2805 1716 2875 volvitur,
1738 2805 1899 2880 isque

213 2883 402 2938 oriens
431 2888 489 2937 et
517 2882 782 2939 occidens
810 2883 964 2939 diem
998 2892 1343 2959 noctemque
1378 2884 1608 2943 conficit
1636 2891 1694 2941 et
1722 2884 1899 2941 modo

211 2960 503 3031 accedens,
522 2967 648 3017 tum
676 2967 870 3019 autem
897 2962 1182 3031 recedenS‚
1200 2962 1363 3019 binas
1383 2963 1442 3019 in
1466 2964 1706 3039 singulis
1732 2964 1899 3020 annis

212 3039 560 3095 reversiones
601 3039 672 3095 ab
713 3038 971 3097 extremo
1015 3042 1326 3097 contrarias
1358 3042 1517 3112 facit,
1542 3062 1779 3118 quarum
1814 3042 1899 3098 in-

211 3117 448 3174 tervallo
469 3124 594 3174 tum
625 3119 783 3193 quasi
812 3118 1047 3175 tristitia
1074 3119 1322 3193 quadarn
1353 3121 1639 3179 contrahit
1666 3128 1894 3192 terram,

211 3202 340 3259 tum
363 3195 608 3253 vicissim
632 3195 916 3265 laetificat,
936 3203 1003 3253 ut
1023 3214 1155 3253 cum
1178 3197 1335 3255 caelo
1357 3198 1597 3256 hilarata
1616 3199 1894 3259 videatur.
