2199 3546
563 113 700 163 Lm.
735 113 830 175 11„
855 112 1012 164 CAP.
1042 113 1353 175 X1.-X111.,
1377 111 1407 172 §
1430 115 1610 164 29-36.
1872 117 1937 164 59

249 213 329 272 ris
369 231 490 272 esse
523 233 752 272 necesse
793 221 880 272 est
913 233 1084 291 quam
1120 221 1343 291 partem
1383 214 1635 293 aliquam
1668 214 1935 276 universi.

250 293 424 364 Quod
445 295 494 352 si
515 295 598 351 ita
617 301 720 365 est,
741 295 966 372 sapiens
985 295 1064 352 sit
1083 295 1335 354 mundus
1356 313 1591 356 necesse
1610 300 1713 354 est.
1784 293 1842 352 N
1843 305 1937 352 am

249 373 314 430 ni
347 373 430 430 ita
461 380 626 445 esset,
650 374 963 444 hominem,
997 375 1096 451 qui
1130 381 1217 432 est
1248 375 1453 432 mundi
1484 394 1632 453 pars,
1664 375 1939 452 quoniam

251 453 492 533 rationis
518 460 606 512 est
626 455 928 531 particeps»,
949 454 1129 531 pluris
1156 473 1277 514 esse
1305 473 1479 532 quam
1506 455 1789 516 mundum
1818 473 1941 512 om-

250 552 386 591 nem
411 540 718 610 oporteret.

341 621 434 672 33.
466 614 664 691 Atque
696 613 888 682 etiam,
913 613 962 670 si
989 632 1024 671 a
1050 613 1255 690 primis
1287 613 1687 690 incohatisque
1719 614 1939 674 naturis

202 715 210 721 ·
252 697 328 755 ad
363 695 599 752 ultimas
627 693 1022 770 perfectasque
1051 693 1317 750 volumus
1348 692 1674 770 procedere,
1699 693 1773 752 ad
1806 693 1941 750 deo-

251 795 380 835 rum
411 779 670 832 naturam
701 773 1098 848 perveniamus
1126 792 1355 832 necesse
1382 781 1484 832 est.
1552 773 1754 832 Primo
1783 774 1937 832 enim

253 853 762 914 animadvertimus
789 871 824 910 a
849 859 1054 911 natura
1081 853 1347 910 sustineri
1368 873 1436 912 ca
1462 872 1609 931 quae
1628 853 1943 930 gignantur

253 943 480 1004 eterra,
507 932 714 1010 quibus
747 938 952 990 natura
983 931 1129 990 nihil
1158 932 1363 990 tribuit
1390 933 1637 1010 amplius
1672 952 1845 1010 quam
1874 939 1943 990 ut

253 1035 324 1074 ea
354 1013 560 1073 alendo
593 1020 765 1089 atque
805 1013 1071 1089 augendo
1087 1018 1374 1071 tueretur.
1461 1018 1554 1072 34.
1589 1012 1805 1072 Bestiis
1846 1033 1943 1070 au-

253 1103 374 1154 tem
405 1102 463 1152 et
483 1111 711 1151 sensum
740 1098 806 1153 et‘
819 1099 1042 1150 motum
1069 1091 1231 1150 dedit
1250 1099 1310 1150 et
1327 1111 1463 1150 cum
1490 1093 1741 1170 quodam
1772 1111 1941 1170 appe·

253 1177 369 1234 titu
391 1192 686 1232 accessum
714 1171 791 1229 ad
816 1191 906 1229 res
933 1172 1220 1243 salutares,
1246 1191 1281 1230 a
1306 1172 1594 1249 pestiferis
1620 1191 1939 1232 recessum:

254 1256 368 1313 hoc
401 1253 622 1311 homini
656 1251 920 1330 ampliuS,
945 1251 1102 1329 quod
1134 1252 1361 1310 addidit
1393 1253 1693 1325 rationem,
1716 1273 1829 1330 qua
1860 1272 1942 1310 re-

255 1340 528 1413 gerentur
547 1331 723 1389 animi
745 1332 1053 1410 appetitus,
1075 1333 1174 1409 qui
1196 1339 1323 1390 tum
1352 1333 1793 1404 remitterentur,
1812 1340 1941 1392 tum

257 1414 702 1474 continerentur.
789 1410 956 1471 XIII.
993 1411 1245 1482 Quartus
1284 1419 1479 1472 autem
1511 1412 1723 1489 gradus
1764 1420 1851 1472 est
1882 1419 1945 1470 et

258 1495 572 1552 altissimus
605 1511 804 1551 eorum
847 1492 946 1569 qui
979 1499 1185 1550 natura
1217 1492 1356 1552 boni
1390 1491 1787 1570 sapientesque
1819 1493 1943 1569 gig-

257 1582 493 1644 nuntur,
514 1571 724 1649 quibus
750 1591 786 1630 a
805 1572 1092 1649 principio
1113 1572 1429 1632 innascitur
1455 1572 1600 1632 ratio
1630 1580 1785 1632 recta
1810 1592 1944 1630 con-

258 1662 548 1730 stansque,
577 1671 724 1729 quae
764 1671 934 1728 supra
965 1652 1260 1712 hominem
1303 1653 1563 1731 putanda
1600 1660 1688 1710 est
1720 1653 1943 1730 deoque

257 1732 580 1804 tribuenda,
591 1731 652 1789 id
671 1739 776 1804 est,
789 1732 1027 1803 munde,
1051 1733 1111 1790 in
1136 1752 1249 1810 quo
1270 1751 1498 1793 necesse
1521 1740 1607 1792 est
1626 1733 1943 1810 perfectam

259 1815 418 1873 illam
451 1820 624 1891 atque
657 1812 978 1873 absolutam
1004 1814 1192 1871 inesse
1225 1814 1523 1881 rationem.
1611 1820 1703 1877 35.
1740 1813 1944 1890 Neque

260 1894 416 1954 enim
451 1893 567 1950 dici
595 1900 789 1969 potest
815 1896 875 1950 in
903 1892 1022 1951 ulla
1051 1912 1243 1951 rerum
1267 1894 1637 1951 >institutione
1670 1912 1787 1950 non
1822 1912 1945 1951 esse

260 1973 479 2051 aliquid
500 1980 819 2033 extremum
842 1980 1014 2050 atque
1035 1973 1375 2049 perfectum.
1444 1972 1533 2031 Ut
1554 1973 1787 2031 enimin
1810 1973 1943 2043 vite,

260 2061 330 2112 ut
356 2056 416 2111 in
445 2054 680 2130 pecude,
705 2053 814 2110 nisi
837 2072 983 2130 quae
1009 2052 1098 2109 vis
1126 2052 1369 2124 obstitit,
1390 2052 1651 2111 videmus
1683 2059 1945 2111 naturam

261 2154 376 2192 suo
411 2132 670 2211 quodam·
692 2133 898 2191 itinere
930 2132 1004 2190 ad
1031 2132 1299 2190 ultimum
1336 2134 1647 2210 pervenire,
1677 2140 1851 2209 atque
1880 2139 1948 2191 ut

261 2215 488 2292 pictura
519 2212 824 2270 et-fabriea
855 2220 1189 2289 ceteraeque
1216 2220 1369 2271 artes
1397 2212 1612 2272 habent
1661 2215 1945 2292 quendam

263 2293 512 2351 absoluti
540 2293 728 2370 operis
755 2292 1043 2360 effectum,
1064 2292 1145 2351 sic'
1167 2294 1227 2351 in
1252 2294 1416 2351 omni
1434 2300 1653 2365 natura,
1669 2309 1735 2351 ac
1762 2293 1947 2350 multo

254 2374 440 2442 >etiam
481 2374 682 2449 magis,
713 2391 940 2429 necesse
981 2380 1068 2429 est
1108 2373 1327 2431 absolvi
1367 2372 1587 2451 aliquid
1627 2392 1693 2431 ac
1734 2372 1944 2451 perfici.

265 2453 498 2515 Etenim
527 2452 730 2510 ceteris
756 2452 975 2509 naturis
1001 2452 1186 2511 multa
1212 2461 1445 2511 externa
1472 2473 1587 2531 quo
1614 2454 1807 2511 minus
1826 2472 1951 2529 pcr-

265 2534 530 2591 ficiantur
549 2539 794 2609 possunt
815 2531 1106 2603 obsistere,
1129 2534 1447 2591 universam
1470 2540 1663 2591 autem
1684 2538 1949 2590 naturam

266 2612 423 2669 nulla
448 2631 540 2669 res
564 2619 758 2689 potest
783 2612 1079 2689 impedire,
1099 2620 1404 2691 propterea
1437 2612 1594 2691 quod
1622 2631 1823 2671 omnes
1855 2630 1951 2668 na-

265 2700 426 2750 turas
451 2692 578 2768 ipsa
603 2692 836 2756 cohibet
863 2698 922 2749 et
949 2693 1224 2751 continet.
1302 2692 1583 2763 Quocirca
1610 2711 1837 2750 necesse
1864 2698 1951 2749 est

268 2791 408 2829 esse·
425 2780 690 2848 quartum
720 2771 882 2829 illum
911 2778 972 2829 et
997 2772 1340 2831 altissimum
1368 2772 1613 2850 gradum
1647 2790 1763 2849 quo
1796 2771 1955 2828 nulla

267 2852 358 2911 vis
383 2852 570 2928 possit
595 2851 874 2911 accedere.
954 2856 1048 2910 36.
1085 2852 1144 2909 Is
1172 2859 1365 2911 autem
1393 2860 1481 2911 est
1507 2851 1718 2929 gradus
1744 2851 1807 2908 in
1836 2868 1952 2928 quo

267 2948 459 2992 rerum
478 2932 738 2989 omnium
755 2938 960 2989 natura
975 2932 1227 3009 ponitur,
1251 2951 1396 3009 quae
1418 2932 1694 3009 quoniam
1714 2930 1846 2987 talis
1868 2935 1955 2987 est

267 3018 338 3069 ut
361 3018 424 3071 et
443 3012 658 3089 praesit
685 3010 954 3069 omnibus
981 3018 1039 3070 et
1059 3031 1187 3069 eam
1216 3012 1372 3069 nulla
1396 3031 1486 3069 res
1512 3011 1697 3087 possit
1716 3008 1956 3086 impedi-

269 3110 348 3159 re,
367 3110 594 3151 necesse
617 3099 704 3151 est
723 3090 1149 3167 intellegentem
1178 3111 1301 3155 esse
1328 3090 1612 3149 mundum
1640 3097 1700 3147 et
1722 3088 1957 3166 quidem

270 3172 442 3228 etiam
465 3171 799 3249 sapientem.
869 3169 1025 3240 Quid
1041 3178 1235 3231 autem
1253 3179 1341 3229 est
1358 3170 1617 3228 inscitius
1634 3189 1803 3247 quam
1830 3185 1960 3225 eam
