2199 3546
199 128 231 192 '8
640 140 742 189 ΒΕ
764 138 1076 217 7ικῐΑΤυΒΑ
1109 138 1431 190 DEORUM.

197 247 476 302 sertarum
517 241 957 320 relictarumque
996 261 1183 300 rerum
1221 240 1607 319 patrocinium
1642 241 1885 320 suscepi-

197 342 344 381 mus,
402 323 462 381 N
463 343 537 381 on
561 323 716 381 enim
738 322 1041 381 hominum
1060 322 1295 379 interitu
1318 321 1633 395 sententiae
1656 340 1885 400 quoque

198 402 486 476 occidunt,
519 404 621 462 sed
660 402 844 460 lucem
887 401 1137 460 auctoris
1168 401 1411 459 fortasse
1445 401 1787 474 desiderant,
1819 409 1887 460 ut

197 482 338 541 haec
379 484 439 540 in
479 481 849 560 philosophia
893 482 1044 540 ratio
1085 488 1287 539 contra
1330 481 1525 539 omnia
1568 481 1885 540 disserendi

198 563 528 655 nullamque
561 583 682 620 rem
715 569 911 639 aperte
943 561 1238 619 iudicandi
1272 561 1535 638 profecta
1566 581 1601 618 a
1628 561 1881 633 Socrate,

197 643 442 721 repetita
468 643 540 700 ab
559 642 829 713 Arcesila,
855 641 1193 700 confirmata
1219 660 1254 698 a
1281 641 1573 698 Carneade
1600 661 1780 719 usque
1808 641 1885 700 ad

197 730 451 780 nostram
494 723 682 815 viguit
723 728 1004 780 aetatem.
1049 741 1223 798 quam
1264 740 1417 778 nunc
1458 721 1881 798 propemedum

197 802 395 859 orbam
425 821 545 860 esse
567 804 626 860 in
651 803 774 879 ipsa
794 801 1032 859 Graecia
1048 800 1339 877 intellego,
1400 799 1574 870 Quod
1595 819 1713 858 non
1734 801 1886 858 Aca-·

195 881 418 940 demiae
445 883 606 954 vitio,
632 882 735 940 sed
765 881 1036 939 tarditate
1069 881 1373 938 hominum
1417 880 1663 938 arbitror
1700 882 1883 939 conti·

193 961 360 1038 gisse.
423 961 575 1018 Nam
599 963 647 1019 si
669 961 920 1038 singulas
941 960 1272 1038 disciplinas
1292 961 1583 1052 percipere
1605 980 1881 1038 magnum

195 1047 298 1111 est,
325 1048 539 1118 quanto
562 1042 747 1099 maius
769 1060 1000 1099 omnes.
985 1041 1006 1084 ⁹
1039 1040 1196 1118 quod
1216 1041 1439 1098 facere
1424 1041 1496 1098 iis
1523 1059 1751 1098 necesse
1772 1048 1877 1113 est,

196 1085 404 1198 quibus
423 1121 786 1198 propositum
809 1127 896 1179 est
915 1120 1034 1178 veri
1060 1120 1383 1197 reperiendi
1406 1139 1575 1178 causa
1596 1126 1655 1178 et
1680 1128 1881 1179 contra

195 1219 395 1258 omnes
415 1200 794 1278 philosophos
815 1208 874 1259 et
893 1219 1000 1278 pro
1022 1199 1293 1257 omnibus
1314 1200 1516 1260 dicere.
1578 1207 1667 1258 12.
1699 1200 1881 1258 Cuius

192 1280 276 1338 rei
315 1286 510 1338 tantae
551 1287 785 1359 tamque
833 1279 1081 1339 difficilis
1124 1280 1460 1338 facultatem
1506 1287 1879 1338 consecutum

192 1379 314 1418 esse
354 1379 449 1419 me
489 1379 607 1418 non
647 1361 937 1439 profiteor,
959 1367 1218 1418 secutum
1261 1379 1382 1418 esse
1421 1379 1558 1437 prae
1597 1379 1693 1418 me
1732 1361 1875 1418 fero,

191 1438 316 1498 Nec
343 1446 536 1498 tamen
578 1439 698 1498 fieri
740 1448 934 1518 potest
966 1447 1048 1512 ut,
1075 1441 1175 1517 qui
1215 1439 1323 1498 hac
1364 1440 1585 1499 ratione
1624 1435 1881 1516 philoso-

191 1519 498 1613 phentur,
483 1521 526 1578 1i
558 1520 703 1578 nihil
736 1521 985 1578 habeant
1028 1520 1187 1597 quod
1227 1526 1552 1597 sequantur.
1636 1520 1877 1578 Dictum

192 1606 279 1657 est
313 1600 550 1657 omnino
583 1600 690 1658 hac
719 1601 790 1658 de
822 1620 883 1658 re
917 1599 1028 1658 alio
1062 1601 1192 1658 loco
1226 1600 1576 1676 diligentiae,
1602 1599 1718 1670 sed,
1743 1600 1879 1677 quia

190 1679 365 1736 nimis
386 1679 662 1738 indociles
691 1679 924 1758 quidam
952 1680 1219 1757 tardique
1248 1687 1399 1750 sunt,
1425 1680 1774 1738 admonendi
1799 1681 1879 1736 vi·

189 1758 400 1818 dentur
440 1761 681 1839 saepius,
772 1759 906 1819 Non
949 1759 1107 1818 enim
1148 1776 1346 1818 sumus
1387 1760 1445 1830 ii,
1478 1759 1688 1838 quibus
1729 1759 1875 1817 nihil

192 1858 392 1898 verum
433 1860 555 1899 esse
583 1842 860 1912 videatur,
891 1840 992 1898 sed
1023 1840 1083 1910 ii,
1110 1840 1210 1917 qui
1250 1840 1520 1897 omnibus
1552 1841 1700 1897 veris
1731 1840 1878 1898 falsa

191 1920 471 1996 quaedam
513 1920 784 1979 adiuncta
823 1939 945 1978 esse
977 1920 1252 1990 dicamuS,
1282 1926 1445 1977 tanta
1478 1920 1875 1992 similitudine,

188 2005 256 2056 ut
301 2000 361 2057 in
399 2000 472 2057 iis
513 2000 671 2059 nulla
703 2000 846 2058 insit
883 2006 1037 2058 certa
1079 1999 1374 2057 iudicandi
1416 2006 1475 2057 et
1514 2000 1875 2058 adsentiendi

188 2087 342 2139 nota.
427 2080 517 2139 Ex
552 2100 668 2158 quo
709 2080 930 2138 exstitit
963 2079 1125 2150 illud,
1150 2079 1333 2137 multa
1374 2099 1495 2137 esse
1534 2080 1871 2157 probabilia,

189 2177 334 2235 quae
363 2178 710 2237 quamquam
751 2179 869 2218 non
909 2160 1355 2237 perciperentur,
1386 2167 1597 2231 tamen,
1630 2162 1765 2237 quia
1796 2160 1876 2217 vi-

189 2258 316 2297 sum
353 2238 638 2316 quendam
671 2238 946 2298 haberent
970 2239 1257 2316 insignem
1287 2246 1345 2297 et
1373 2240 1669 2311 illustrem,
1694 2240 1765 2296 iis
1792 2259 1877 2296 sa-

188 2318 400 2395 pientis
427 2318 548 2376 vita
571 2325 876 2395 regeretur.

269 2397 372 2456 VI.
463 2403 553 2456 13.
600 2397 716 2455 Sed
748 2398 881 2469 iam,
904 2405 972 2456 ut
1016 2399 1178 2456 omni
1222 2418 1315 2457 me
1356 2398 1578 2456 invidia
1616 2397 1871 2469 liberem,

188 2494 402 2553 ponam
423 2478 484 2535 in
512 2478 706 2535 medio
735 2478 1048 2535 sententias
1073 2478 1554 2555 philosophorum
1577 2478 1875 2535 denatura

188 2557 442 2615 deorum.
528 2556 659 2625 Quo
709 2557 943 2634 quidem
986 2557 1115 2615 loco
1158 2558 1513 2615 convocandi
1554 2576 1753 2615 omnes
1793 2558 1875 2615 vi-

188 2635 396 2693 dentur
425 2637 523 2712 qui
557 2656 703 2713 quae
737 2638 812 2695 sit
843 2657 1038 2695 earum
1073 2656 1206 2695 vera
1237 2637 1509 2695 iudicent.
1593 2636 1741 2693 Tum
1778 2636 1875 2693 de-

187 2733 348 2771 mum
389 2715 534 2773 mihi
576 2736 786 2793 procax
819 2716 1140 2775 Academia
1175 2716 1478 2786 videbitur,
1511 2716 1557 2772 si
1599 2722 1700 2772 aut
1741 2734 1873 2772 con-

187 2795 465 2853 senserint
507 2814 708 2853 omnes
748 2804 847 2854 aut
888 2797 996 2855 erit
1037 2796 1308 2855 inventus
1348 2795 1553 2873 aliquis
1596 2794 1696 2871 qui
1730 2796 1871 2871 quid

187 2893 382 2931 verum
425 2875 502 2932 sit
543 2876 841 2935 invenerit.
925 2876 1131 2955 Itaque
1172 2874 1318 2932 mihi
1354 2874 1497 2933 libet
1538 2874 1869 2947 exclamare,

186 2959 252 3010 ut
279 2954 339 3009 in
369 2954 730 3031 Synephebis
753 2973 767 3012 ε

171 3130 198 3181 f
250 3128 388 3177 Proh
411 3128 578 3190 deum,
596 3129 908 3193 popularium
930 3130 1173 3193 omnium,
1198 3130 1426 3179 omnium
1448 3124 1839 3178 adulescentium

193 3208 198 3215 ·
253 3193 446 3257 Clamo,
463 3194 676 3259 postulo,
696 3195 919 3256 obsecr-0,
939 3210 1046 3257 oro,
1063 3195 1204 3257 ploro
1226 3204 1380 3257 atque
1402 3194 1611 3255 imploro
1632 3194 1799 3254 fidem,
