2199 3546
233 178 332 229 226
755 178 854 227 DE
888 173 1391 228 DIVINATIONE.

233 298 460 339 necesse
508 286 595 337 est
636 278 806 336 fateri
846 279 1056 371 partim
1098 278 1305 335 horum
1358 296 1545 335 errore
1593 284 1922 356 susceptum

234 380 370 430 8888,
390 360 602 437 partim
637 360 1058 435 superstitione,
1075 358 1263 416 multa
1288 358 1575 415 fallendO.
1560 360 1580 401 2
1660 358 1783 415 XL.
1815 359 1923 416 At-

235 460 346 518 que
378 440 468 497 his
510 436 1012 517 superstitionibus
1045 458 1163 494 non
1198 438 1475 495 dubitasti
1510 438 1683 495 ctiam
1728 440 1923 496 omina

233 521 558 597 adiungere.
623 518 874 577 Aemilia
903 518 1107 575 Paullo
1134 518 1369 575 Persam
1398 518 1626 594 perisse,
1649 518 1806 595 quod
1826 538 1925 595 pa-

233 608 322 657 ter
363 619 534 657 omen
576 598 828 675 accepit:
873 597 1122 656 Caecilia
1162 598 1372 654 sororis
1404 596 1553 655 filiae
1598 598 1760 655 sedes
1792 618 1925 655 suas

233 680 473 738 tradere.
559 677 682 735 Iam
712 678 811 735 illa
840 679 874 705 “
894 677 1102 735 Favete
1130 676 1393 754 linguis''
1431 679 1539 735 et‘
1544 678 1924 755 ‘praerogati-

235 779 364 817 vam
399 778 569 816 omen
603 757 986 830 comitiorum,
992 757 1025 786 ''
1055 758 1167 815 hoc
1202 764 1304 829 est,
1328 757 1518 849 ipsum
1560 776 1682 815 esse
1723 764 1925 815 contra

235 860 294 897 se
327 840 624 931 copiosum
661 845 720 895 et
754 803 1046 895 disertuin.
1133 836 1379 905 Quando
1414 837 1567 894 enim
1600 836 1699 894 illa
1736 836 1925 895 obser-

234 939 374 976 vans
408 920 602 996 quieto
639 925 698 976 et
731 918 910 975 libero
949 918 1143 975 animo
1186 936 1305 975 esse
1338 918 1571 995 poteris,
1594 924 1663 975 ut
1694 916 1769 975 ad
1800 936 1923 974 rem

233 999 543 1076 gerendam
585 1018 702 1055 non
746 998 1213 1074 superstitionem
1246 995 1473 1064 habeas,
1499 997 1599 1054 sed
1638 997 1922 1055 rationem

235 1078 478 1137 ducem?
560 1078 760 1135 Itane?
841 1077 905 1134 Si
935 1078 1062 1154 quis
1091 1077 1309 1154 aliquid
1339 1097 1407 1134 ex
1436 1096 1539 1135 sua
1564 1096 1625 1133 re
1652 1084 1825 1154 atque
1853 1096 1923 1134 ex

235 1178 339 1215 suo
367 1176 629 1215 sermone
664 1156 872 1213 dixerit
900 1164 960 1214 et
987 1158 1111 1215 eius
1138 1157 1375 1215 verbum
1410 1156 1646 1236 aliquod
1673 1165 1805 1233 apte
1838 1176 1925 1214 cc-

176 1305 179 1308 ,
235 1238 438 1295 eiderit
467 1236 541 1293 ad
569 1237 646 1307 id,
669 1236 827 1314 quod
855 1256 990 1314 ages
1023 1243 1124 1294 aut
1150 1236 1451 1314 cogitabiS‚
1472 1256 1539 1294 ea
1570 1256 1661 1295 res
1686 1237 1797 1293 tibi
1824 1243 1924 1294 aut

235 1318 502 1375 timorem
532 1317 754 1375 adferet
781 1324 881 1375 aut
909 1317 1298 1375 alacritatem?
1361 1322 1453 1375 84.
1486 1316 1636 1375 Cum
1666 1316 1743 1375 M.
1765 1316 1926 1375 Cras-

237 1418 331 1455 sus
365 1398 676 1456 exercitum
711 1396 1007 1455 Brundisii
1037 1398 1376 1474 imponeret,
1399 1397 1633 1474 quidam
1663 1398 1722 1455 in
1751 1404 1925 1475 portu

237 1478 447 1536 caricas
469 1477 670 1535 Cauno
692 1478 956 1535 advectas
975 1478 1230 1535 vendens
1253 1477 1287 1505 ‘⁴
1307 1477 1567 1535 Cauneas
1586 1476 1645 1535 !’'
1675 1477 1929 1535 elamita-

235 1558 352 1616 bat.
436 1557 729 1629 Dicamus,
761 1557 811 1615 si
844 1558 1046 1635 placet,
1072 1558 1361 1616 monitum
1406 1557 1478 1615 ab
1525 1577 1593 1615 eo
1636 1557 1922 1630 Crassum,

199 1667 208 1676 ,
237 1658 400 1696 cave
415 1645 527 1696 ret.
556 1636 633 1695 ne
666 1638 829 1695 iret:
865 1657 981 1695 non
1002 1638 1185 1695 fuisse
1205 1638 1540 1715 periturum,
1558 1637 1606 1695 si
1625 1637 1811 1695 >omini
1831 1656 1928 1715 pa·

237 1720 456 1777 ruisset.
551 1718 708 1788 Quae
759 1718 806 1776 si
849 1718 1241 1796 suscipiamus
1266 1718 1431 1796 pedis
1472 1717 1717 1776 offensio
1758 1718 1929 1776 nobis

238 1807 297 1858 et
329 1799 595 1879 abruptio
637 1799 913 1877 corrigiae
955 1806 1014 1857 et
1047 1805 1502 1856 sternutamenta
1539 1805 1709 1856 erunt
1742 1799 1929 1856 obser-

236 1879 438 1937 vanda.

317 1959 472 2017 XLI.
507 1958 701 2017 Sortes
729 1965 946 2018 rest-ant
975 1966 1032 2017 et
1060 1958 1352 2031 Chaldaei,
1374 1966 1439 2016 ut
1468 1958 1541 2016 ad
1562 1966 1721 2017 vates
1742 1957 1929 2017 venia-

237 2059 368 2097 mus
409 2047 468 2097 et
508 2040 582 2097 ad
615 2039 854 2098 somnia.
941 2045 1033 2098 85.
1069 2039 1399 2097 Dicendum
1432 2039 1611 2117 igitur
1643 2047 1812 2116 putas
1854 2039 1927 2096 de

220 2119 504 2188 ‚son-tibus.
591 2119 745 2188 Quid
773 2120 928 2178 enim
957 2137 1079 2177 sors
1108 2120 1231 2177 est?
1312 2118 1475 2178 Idem
1504 2119 1927 2197 propemodum

241 2200 397 2276 quod
427 2200 651 2270 micare,
678 2200 835 2276 quod
861 2200 1008 2258 talos
1036 2201 1234 2262 iacere,
1257 2200 1414 2292 quod
1441 2206 1697 2271 tesseras,
1719 2199 1929 2277 quibus

241 2279 300 2334 in
335 2278 503 2335 rebus
535 2281 828 2336 temeritas
861 2286 919 2336 et
952 2299 1130 2351 casuS,
1154 2299 1271 2336 non
1307 2281 1452 2337 ratio
1486 2299 1591 2337 nec
1626 2279 1926 2337 consilium

167 2431 175 2438 ι
243 2357 407 2415 valet.
476 2357 625 2415 Tota
653 2378 740 2415 res
769 2366 856 2416 est
876 2359 1108 2416 inventa
1128 2359 1369 2416 fallaciis
1398 2367 1497 2417 aut
1525 2360 1599 2416 ad
1629 2366 1928 2436 quaestum

243 2446 342 2495 aut
370 2437 443 2494 ad
468 2439 958 2532 superstitionem
967 2446 1067 2496 aut
1095 2440 1170 2497 ad
1198 2456 1459 2497 errorem.
1544 2439 1740 2516 Atque
1776 2447 1840 2496 ut
1867 2439 1927 2495 in

244 2518 606 2595 haruspicina
632 2519 890 2589 fecimuS,
916 2520 996 2576 sic
1025 2519 1321 2577 videamus
1349 2519 1785 2576 clarissimarum
1814 2538 1931 2575 sor-

243 2599 391 2656 tium
421 2618 565 2676 quae
593 2599 850 2656 tradatur
876 2599 1149 2657 inventiO.
1235 2599 1577 2657 Numerium
1606 2599 1929 2657 Suffucium

243 2677 746 2736 Praenestinorum
776 2687 1153 2736 monumenta
1174 2679 1479 2750 declarant,
1499 2679 1804 2736 honestum
1830 2678 1933 2734 lio-

243 2759 458 2816 minem
494 2766 551 2816 et
579 2759 850 2829 nobilem,
876 2760 1115 2817 somniis
1150 2758 1377 2830 crebris,
1401 2759 1474 2816 ad
1503 2767 1823 2816 extremum
1850 2765 1931 2815 et»

243 2837 358 2894 iam
400 2839 886 2909 minacib11S,cum
929 2839 1220 2896 iuberetur
1260 2847 1415 2896 certo
1445 2839 1504 2896 in
1540 2839 1669 2896 loco
1711 2838 1933 2896 silicem

243 2917 491 2990 caedere,
512 2919 875 2996 perterritum
904 2919 1040 2976 visis
1066 2918 1437 2976 irridentibus
1472 2919 1588 2977 suis
1622 2918 1843 2977 civibus
1868 2917 1933 2976 id

243 3015 408 3073 agere
438 2999 723 3076 coepisse:
767 3000 958 3076 itaque
987 2999 1275 3091 perfracto
1305 3018 1440 3066 saxo
1470 3006 1650 3057 sortes
1677 2999 1932 3076 erupisse

244 3076 304 3132 in
338 3077 542 3136 robore
575 3078 887 3156 insculptas
919 3079 1230 3156 priscarum
1261 3078 1580 3136 litterarum
1614 3079 1785 3136 notis.
1872 3076 1935 3136 Is

244 3162 330 3212 est
357 3156 531 3214 hodie
565 3158 723 3216 locus
752 3165 981 3235 saeptus
1007 3158 1272 3236 religiose
1299 3165 1537 3236 propter
1564 3157 1720 3215 Iovis
1747 3158 1929 3236 pueri,

286 3234 347 3294 ui
374 3235 587 3294 lactens
621 3257 752 3295 cum
787 3237 1008 3296 Iunone
1036 3237 1371 3297 Fortunae
1353 3258 1416 3296 111
1448 3238 1672 3314 gremio
1706 3238 1934 3310 sedens,
