2199 3546
1331 0 2175 79 —1

671 160 928 225 LIB.11.‚
954 160 1113 211 cAP.
1132 160 1388 222 m-xr,
1411 159 1441 220 ς
1464 162 1643 211 22-27.
1893 191 1990 235 205

313 261 526 321 donem
552 260 736 320 filium
765 282 800 320 a
824 268 1012 320 morte
1039 269 1240 320 contra
1265 262 1455 319 fatum
1484 263 1699 339 eripere
1728 282 1847 321 non
1873 288 1996 341 pos-

312 348 414 400 set.
500 341 634 399 Hoc
666 342 822 399 idem
864 341 1149 419 significat
1188 341 1439 399 Graecus
1471 342 1565 400 ille
1608 342 1667 399 in
1712 362 1836 401 eam
1881 362 2001 401 sen·

311 422 553 480 tentiam
582 441 807 479 versus:

393 542 539 605 Quod
563 551 694 593 sorte
717 552 944 607 paratum
969 553 1060 604 est,
1080 542 1132 591 id
1157 558 1407 591 summum
1432 553 1698 606 exsuperat
1722 545 1909 595 Iovem.

309 660 525 717 Totum
547 660 786 717 omnino
808 660 994 718 fatum
1019 660 1191 717 etiam
1212 659 1503 717 Atellanio
1526 679 1686 717 versu
1712 661 1832 718 iure
1854 663 1999 721 mihi

309 760 432 797 esse
460 740 688 797 irrisum
708 740 950 811 videtur,
977 740 1159 797 sedin
1188 740 1355 797 rebus
1383 747 1503 797 tam
1532 740 1739 797 severis
1766 760 1881 798 non
1914 751 1999 800 est

309 819 540 877 iocandi
574 819 748 877 locus·
834 819 1225 877 Concludatur
1268 820 1447 896 igitur
1486 819 1649 876 ratic.
1736 819 1799 877 Si
1842 823 1995 879 enim

309 898 598 975 provideri
625 899 768 956 nihil
796 906 990 976 potest
1016 900 1278 957 futurum
1309 918 1429 957 esse
1456 918 1671 970 eorum,
1694 919 1837 977 quae
1866 920 1998 959 casu

277 1045 284 1048 ,
309 978 472 1050 fiunt,
495 979 628 1055 quia
655 998 775 1037 esse
803 986 958 1037 certa
982 998 1101 1037 non
1124 986 1381 1055 possunt,
1407 979 1687 1037 divinatio
1716 979 1873 1037 nulla
1892 988 1994 1057 est.

310 1058 412 1116 Sin
447 1065 640 1116 autem
667 1059 880 1116 idcirco
909 1066 1154 1135 possunt
1180 1058 1489 1135 provideri,-
1511 1059 1647 1136 quia
1678 1067 1831 1117 certa
1864 1069 1999 1119 sunt

309 1146 370 1197 et
396 1138 610 1209 fatalia,
641 1158 833 1196 rursus
867 1138 1147 1196 divinatio
1190 1139 1345 1196 nulla
1378 1144 1479 1196 est.
1563 1139 1707 1197 Eam
1744 1141 1899 1198 enim
1932 1148 1998 1199 tu

307 1218 679 1276 fortuitarum
709 1237 894 1276 rerum
925 1238 1045 1276 esse
1074 1218 1322 1277 dicebas,
1381 1224 1473 1276 26.
1512 1218 1626 1276 Sed
1654 1220 1793 1277 haec
1822 1221 1999 1279 fuerit

309 1298 476 1356 nobis
508 1305 804 1376 tamquam
837 1298 976 1357 levis
1017 1306 1334 1358 armaturae
1367 1300 1555 1375 prima
1596 1300 1873 1357 orationis
1906 1320 1998 1358 ex-

309 1378 530 1436 cursio:
580 1396 734 1437 nunc
777 1380 1101 1436 comminus
1146 1398 1381 1455 agamus
1426 1379 1911 1457 experiamurque,
1949 1381 1998 1437 si

307 1459 595 1536 possimus
621 1478 836 1517 cornua
862 1478 1223 1517 commovere
1251 1458 1659 1535 disputationis
1686 1465 1833 1517 tuae.

387 1539 495 1597 XI.
551 1539 688 1597 Duo
745 1540 900 1598 enim
954 1558 1165 1616 genera
1219 1537 1517 1596 divinandi
1572 1556 1692 1617 esse
1748 1538 1993 1611 dicebam,

307 1638 489 1677 unum
543 1618 930 1692 artificiosum,
981 1619 1224 1677 alterum
1280 1618 1568 1677 naturale:
1625 1618 1995 1677 artificiosum

308 1707 568 1758 constare
610 1701 820 1779 partim
871 1719 940 1757 ex
988 1700 1332 1770 coniectura,
1368 1699 1580 1776 partim
1624 1718 1694 1757 ex
1740 1698 1999 1757 observa-

308 1781 466 1839 tione
499 1781 802 1839 diuturna:
845 1781 1118 1852 naturale,
1144 1781 1301 1858 quod
1329 1781 1555 1838 animus
1582 1780 1868 1858 adriperet
1896 1788 1998 1838 aut

308 1862 594 1938 exciperet
627 1861 974 1919 extrinsecus
1007 1881 1077 1919 ex
1111 1860 1429 1930 divinitate,
1460 1860 1613 1918 unde
1648 1880 1847 1919 omnes
1880 1861 1998 1918 ani-

306 1961 435 1998 mos
484 1941 718 2002 haustos
774 1949 873 1998 aut
921 1947 1187 2018 acceptos
1234 1947 1335 1998 aut
1381 1939 1589 1997 libatos
1638 1939 1991 1998 haberemus,

306 2020 670 2079 Artificiosae
698 2021 1070 2079 divinationis
1099 2020 1197 2078 illa
1223 2021 1345 2077 fere
1371 2039 1581 2094 genera
1607 2020 1878 2096 ponebam,
1904 2040 1997 2081 ex-

306 2101 580 2179 tispicum
627 2120 954 2179 eorumque,
1000 2101 1099 2178 qui
1148 2120 1218 2158 ex
1266 2099 1593 2176 fulguribus
1641 2101 1995 2178 ostentisque

307 2182 712 2258 praedicerent,
737 2187 864 2238 tum
892 2199 1173 2258 augurum
1202 2198 1530 2256 eorumque,
1557 2179 1655 2257 qui
1682 2181 1865 2256 signis
1895 2188 1995 2238 aut

307 2261 598 2318 ominibus
631 2268 942 2332 uterentur,
980 2279 1263 2337 omneque
1294 2279 1477 2336 genus
1510 2260 1889 2318 coniecturale
1932 2261 1994 2318 in

307 2340 418 2398 hoc
445 2342 568 2398 fere
597 2359 803 2418 genere
830 2340 1101 2418 ponebas,
1188 2340 1261 2396 27
1268 2384 1281 2397 .
1327 2339 1478 2397 Illud
1512 2347 1703 2397 autem
1737 2340 1993 2398 naturale

307 2429 408 2478 aut
435 2421 820 2478 concitatione
854 2421 1062 2477 mentis
1095 2420 1191 2477 edi
1220 2427 1277 2476 et
1306 2419 1466 2497 quasi
1496 2420 1664 2477 fundi
1693 2419 1995 2478 videbatur

307 2506 406 2558 aut
439 2501 633 2558 animo
663 2520 765 2578 per
797 2519 1063 2558 somnum
1098 2499 1357 2557 sensibus
1392 2507 1449 2556 et
1482 2499 1632 2556 curis
1660 2519 1838 2557 vacuo
1868 2520 1997 2577 pro-

306 2581 502 2638 videri.
563 2580 800 2638 Duxisti
827 2587 1019 2637 autem
1047 2579 1459 2637 divinationem
1490 2597 1718 2637 omnem
1750 2598 1793 2636 a·
1811 2579 1995 2637 tribus

306 2659 490 2731 rebu8‚
521 2679 557 2716 a
588 2659 714 2731 de0‚
745 2679 781 2716 a
811 2660 953 2731 fato,
985 2679 1019 2716 a
1049 2667 1268 2716 natura.
1353 2659 1469 2716 Sed
1501 2665 1694 2716 tamen
1729 2679 1861 2716 cum
1904 2679 1997 2716 ex-

305 2738 516 2816 plicare
543 2739 688 2796 nihil
709 2759 922 2816 posSeS,
946 2739 1220 2816 pugnasti
1247 2739 1781 2796 commenticiorum
1811 2758 1997 2796 exem·
2020 2762 2025 2767 ·

305 2819 534 2895 plorum
579 2817 820 2876 mirifica
863 2819 1044 2895 copia.
1129 2817 1222 2875 De
1268 2837 1381 2895 quo
1424 2819 1673 2895 primum
1710 2817 1821 2875 hoc
1852 2818 1995 2876 libet

307 2897 510 2956 dicere.
594 2898 728 2956 Hoc
757 2916 866 2974 ego
894 2897 1227 2989 philosophi
1254 2917 1373 2954 non
1406 2916 1526 2954 esse
1554 2898 1814 2968 arbitror,
1838 2899 1995 2955 testi-

303 2977 414 3033 bus
455 2977 558 3048 uti‚
591 2978 692 3055 qui
731 2985 833 3034 aut
859 2997 993 3035 casu
1024 2977 1145 3034 veri
1187 2983 1287 3034 aut
1329 2977 1551 3034 malitia
1590 2975 1721 3034 falsi
1761 2976 1994 3054 fictique

305 3075 428 3114 esse
459 3064 735 3134 possunt:
779 3057 1133 3134 argumentis
1173 3063 1233 3114 et
1265 3055 1582 3113 rationibus
1620 3063 1851 3133 oportet
1884 3075 1995 3134 qua

303 3155 366 3193 re
395 3136 648 3214 quidque
675 3137 758 3194 ita
785 3137 862 3194 sit
890 3136 1109 3209 docere,
1134 3155 1253 3193 non
1282 3135 1515 3205 eventis,
1541 3135 1611 3192 iis
1640 3136 1992 3212 praesertim,

272 3251 278 3255 -
305 3215 516 3341 quibus
528 3216 688 3342 7mihi
715 3216 884 3275 liceat
909 3235 1028 3273 non
1056 3215 1300 3275 credere.

2127 2379 2175 2520 ἢ

2172 2571 2174 2582 4

2170 2631 2175 2712 2
