2199 3546
552 153 690 204 LIB.
724 154 790 216 1.‚
821 153 978 205 CAP.
1016 153 1565 217 xxv111.-xxx.,§
1595 153 1771 207 79:85.
1940 159 2005 208 31

323 256 576 334 Argivis,
601 253 711 314 alia
737 255 1063 314 Lanuvinis».
1133 256 1211 314 Et
1239 254 1474 334 quidem
1507 256 1619 314 alia
1645 257 1811 316 nobis
1838 257 2008 336 Capi-

323 337 510 408 tolini,
534 336 646 394 alia
671 336 835 394 Afris
862 336 1211 394 Hammonis
1239 335 1409 394 Iovis.
1478 336 1679 394 XXX.
1748 343 1838 397 83.
1869 338 2005 397 Non

323 418 506 494 pudet
537 417 718 495 igitur
756 416 1079 494 physicum,
1105 416 1168 473 id
1199 424 1301 487 est,
1332 417 1749 494 speculatorem
1781 426 2007 476 venato-

322 516 560 574 remque
588 504 838 568 naturae,
862 497 934 553 ab
962 497 1171 554 animis
1203 497 1617 556 consuetudine
1644 497 1886 556 imbutis
1912 517 2008 574 pe-

322 584 444 635 tere
471 577 868 635 testimonium
899 577 1192 635 veritatis?
1273 576 1395 634 Isto
1428 577 1582 635 enim
1610 578 1790 636 modo
1818 577 2007 635 dicere

321 656 521 715 licebit
554 657 752 715 Iovem
793 675 1019 734 semper
1055 655 1375 728 barbatum,
1405 656 1741 734 Apollinem
1782 677 2009 735 semper

321 737 658 809 imberbem,
689 737 904 795 caesios
958 735 1158 795 oculos
1211 735 1517 808 Minervae,
1548 737 1835 795 caeruleos
1884 756 2007 795 esse

323 817 600 896 Neptuni.
686 817 763 875 Et
819 816 1052 893 quidem
1097 815 1397 874 laudamus
1442 810 1709 894 [scilicet]
1757 816 2007 874 Athenis

324 897 666 968 Volcanum,
692 916 822 954 eum
859 915 1030 972 quem
1062 897 1206 955 fecit
1236 896 1587 968 Alcamenes,
1610 897 1671 953 in
1707 915 1823 974 quo
1856 903 2008 954 stan-

323 985 382 1034 te
420 984 592 1054 atque
625 977 834 1036 vestito
873 977 1074 1034 leviter
1109 983 1346 1054 apparet
1382 976 1723 1034 claudicatio
1761 996 1878 1034 non
1913 976 2009 1034 de-

322 1057 557 1115 formis:
600 1057 869 1114 claudum
910 1056 1092 1134 igitur
1131 1055 1469 1114 habebimus
1510 1055 1701 1126 deum,
1733 1057 2005 1134 quoniam

323 1136 398 1194 de
435 1136 697 1196 Volcano
742 1137 824 1194 sic
869 1139 1209 1214 accepimus.
1294 1136 1425 1212 Age
1474 1143 1535 1194 et
1581 1135 1672 1192 his
1716 1135 2007 1194 vocabulis

324 1236 446 1274 esse
473 1216 613 1275 deos
639 1217 934 1288 faciamus,
960 1217 1170 1294 quibus
1196 1236 1233 1273 a
1258 1216 1425 1274 nobis
1453 1215 1839 1274 nominantur.
1910 1221 2003 1274 84.

324 1296 410 1354 At
434 1297 687 1374 primum
717 1304 860 1375 quot
886 1296 1192 1354 hominum
1221 1297 1467 1374 linguae,
1492 1303 1585 1354 tot
1610 1296 1849 1354 nomina
1875 1295 2009 1353 deo-

323 1396 468 1434 rum.
538 1376 596 1434 N
598 1396 674 1434 on
702 1377 874 1448 enim,
894 1385 962 1434 ut
988 1384 1054 1434 tu
1075 1377 1350 1447 Velleius,
1376 1395 1739 1454 quocumque
1767 1376 2005 1446 veneris,

324 1457 405 1514 sic
434 1456 587 1514 idem
617 1457 678 1514 in
707 1456 874 1514 Italia
901 1456 1211 1528 VolcanuS,
1236 1456 1391 1531 idem
1424 1457 1485 1514 in
1514 1456 1731 1527 Africa,
1756 1456 1913 1513 idem
1945 1456 2007 1512 in

322 1536 622 1612 Hispania.
713 1536 940 1594 Deinde
973 1537 1276 1594 nominum
1311 1555 1427 1593 non
1462 1555 1705 1614 magnus
1736 1555 2009 1594 numerus

323 1635 396 1674 ne
418 1617 477 1673 in
506 1616 818 1693 pontificiis
847 1616 1080 1694 quidem
1112 1617 1338 1688 nostris,
1362 1617 1603 1674 deorum
1630 1623 1821 1675 autem
1842 1617 2010 1673 innu-

323 1695 627 1754 merabilis,
704 1695 800 1754 An
829 1697 952 1754 sine
978 1696 1313 1754 nominibus
1340 1697 1506 1754 sunt?
1579 1696 1744 1754 Istud
1773 1696 2007 1775 quidem

323 1778 408 1835 ita
421 1776 587 1835 vobis
614 1777 802 1835 dicere
829 1796 1056 1836 necesse
1085 1784 1188 1836 est.
1258 1777 1414 1847 Quid
1440 1777 1593 1835 enim
1625 1777 1851 1849 attinet,
1874 1796 2009 1835 cum

323 1877 438 1915 una
458 1857 634 1916 facies
656 1858 747 1929 sit,
768 1857 932 1935 plura
951 1876 1072 1916 esse
1091 1858 1365 1915 nomina?
1426 1857 1612 1927 Quam
1632 1856 1847 1915 bellum
1868 1864 2006 1929 erat,

325 1936 528 2007 Vellei,
559 1938 818 1996 confiteri
860 1938 1056 2015 potius
1101 1938 1317 1995 nescire
1356 1937 1514 2015 quod
1554 1937 1801 1994 nescires
1834 1956 2009 2015 quam

324 2017 438 2075 ista
457 2018 815 2077 effutientem
838 2036 1109 2075 nauseare
1135 2024 1308 2095 atque
1329 2017 1519 2094 ipsum
1543 2016 1651 2073 sibi
1673 2016 2009 2093 displicere?

325 2096 423 2154 An
450 2104 516 2156 tu
544 2098 660 2156 mei
694 2097 941 2155 similem
973 2104 1145 2173 putas
1176 2115 1298 2154 esse
1331 2104 1433 2155 aut
1459 2096 1548 2154 tui
1580 2096 1790 2154 deum?
1872 2097 2010 2155 Pro-

325 2178 480 2237 fecto
501 2196 617 2235 non
641 2185 824 2253 putas.
893 2177 1050 2245 Quid
1075 2178 1252 2254 ergo?
1284 2175 1464 2234 solem
1485 2176 1671 2234 dicam
1694 2183 1795 2234 aut
1814 2177 2009 2235 lunam

325 2264 428 2315 aut
454 2257 673 2315 caelum
702 2258 910 2316 deum?
974 2256 1131 2334 Ergo
1160 2257 1333 2315 etiam
1358 2256 1587 2315 beatum
1608 2258 1628 2314 2
1662 2257 1873 2335 quibus
1892 2258 2011 2316 fru-

326 2344 517 2395 entem
547 2337 976 2415 voluptatibus?
1041 2337 1121 2395 Et
1148 2337 1503 2414 sapientem?
1538 2337 1637 2414 qui
1664 2344 1859 2413 potest
1887 2357 2008 2395 esse

325 2418 385 2474 in
428 2418 550 2475 eius
591 2418 752 2475 modi
791 2424 996 2476 trunco
1038 2417 1359 2493 sapientia?
1440 2416 1601 2475 Haec
1628 2424 1817 2475 vestra
1856 2424 2005 2475 sunt.

329 2504 422 2555 85.
459 2496 524 2555 Si
557 2497 736 2574 igitur
776 2516 880 2555 nec
913 2497 1167 2554 humano
1202 2541 1216 2555 .
1249 2540 1262 2555 .
1294 2541 1309 2555 .
1342 2497 1501 2574 quod
1541 2497 1730 2568 docui,
1760 2516 1866 2555 nec
1905 2497 2009 2555 tali

325 2578 536 2655 aliquo,
562 2577 720 2654 quod
747 2577 857 2635 tibi
885 2578 967 2635 ita
992 2596 1324 2654 persuasum
1360 2584 1461 2647 est,
1489 2576 1631 2654 quid
1658 2576 1887 2634 dubitas
1913 2595 2011 2634 ne-

325 2676 460 2734 gare
490 2658 630 2715 deos
657 2659 814 2716 esse?
894 2657 1030 2715 Non
1058 2658 1249 2715 audes
1335 2656 1637 2734 Sapienter
1662 2657 1726 2714 id
1755 2657 2005 2734 quidem.

326 2738 455 2795 Etsi
482 2737 593 2795 hoc
621 2737 748 2796 loco
790 2757 908 2795 non
949 2736 1233 2815 populum
1266 2738 1493 2808 metuiS,
1519 2737 1621 2794 sed
1651 2736 1811 2813 ipsos
1851 2737 2005 2795 deos».

328 2816 483 2874 Novi
504 2836 612 2894 ego
631 2817 942 2895 Epicureos
963 2818 1161 2875 omnia
1180 2816 1367 2894 sigilla
1388 2824 1783 2875 numerantes:
1815 2836 2011 2894 quam-

329 2916 502 2974 quam
532 2897 698 2955 video
727 2916 842 2954 non
878 2897 1049 2955 nullis
1075 2897 1257 2955 videri
1284 2896 1617 2974 Epicurum,
1641 2914 1715 2953 ne
1741 2896 1801 2952 in
1831 2896 2010 2953 offen-

328 2978 550 3035 sionem
577 2976 1018 3035 Atheniensium
1049 2977 1293 3048 caderet,
1316 2976 1503 3033 verbis
1531 2974 1824 3052 reliquisse
1851 2975 2008 3048 deos,

327 3076 388 3115 re
422 3056 730 3116 sustulisse.
815 3057 1018 3135 Itaque
1058 3058 1122 3114 in
1155 3057 1269 3115 illis
1310 3056 1532 3114 selectis
1573 3055 1697 3113 eius
1722 3054 2011 3113 brevibus-

329 3156 440 3215 que
481 3137 797 3209 sententiiS,
824 3157 964 3215 quas
1004 3136 1306 3214 appellatis
1338 3140 1523 3213 κυρίας
1556 3134 1734 3207 δόξας,
1757 3137 1914 3208 haec,
1944 3142 2012 3193 ut

329 3218 552 3296 opinor,
577 3217 765 3295 prima
805 3218 1090 3277 sententia
1130 3223 1251 3275 est:
1290 3215 1324 3244 ‘⁴
1343 3215 1517 3287 Quod
1547 3215 1779 3276 beatum
1816 3223 1875 3276 et
1909 3217 2011 3274 im
