2199 3546
462 169 1720 232 LIB.11.‚cAP.LX1w-LXV1.,§161-167.
1824 177 1931 221 1οό

244 291 438 330 semus
471 271 546 330 ob
574 271 680 330 has
712 291 925 344 causas,
951 291 1092 350 quas
1129 279 1263 330 ante
1296 271 1563 344 diximuS,
1587 273 1677 331 his
1706 267 1933 352 quoque

243 351 580 411 hominibus
634 317 957 424 consulun’t,
989 353 1087 431 qui
1131 353 1234 409 has
1282 317 1578 411 nobiscum
1628 361 1805 412 terras
1859 355 1933 412 ab

222 433 464 491 ,oriente
505 433 579 490 ad
611 433 970 490 occidentem
1013 432 1227 490 colunt.
1318 439 1447 491 165.
1499 433 1601 491 Sin
1635 442 1825 504 autem
1860 436 1933 492 iis

241 511 566 584 consulunt,
599 513 700 590 qui
735 513 895 590 quasi
928 531 1198 590 magnam
1234 513 1519 591 quandam
1564 501 1807 572 insulam
1852 515 1935 571 in-

229 592 462 664 ncolunt,
495 588 668 671 quam
699 597 808 650 nos
842 592 1038 652 orbem
1072 600 1255 651 terrae
1296 611 1583 662 vocamus,
1614 593 1787 649 etiam
1822 593 1933 650 illis

241 673 566 743 consulunt,
599 673 699 750 qui
730 679 922 750 partes
963 674 1088 730 eius
1127 671 1346 730 insulae
1379 679 1597 742 tenent,
1623 672 1930 749 Europam,

239 752 463 824 Asiam,
487 752 774 811 Africam·
853 753 1009 830 Ergo
1025 783 1028 788 ·
1043 760 1103 810 et
1129 771 1324 810 earum
1352 760 1545 830 partes
1577 752 1844 829 diligunt,
1866 761 1935 810 ut

231 831 508 905 Romam,
539 832 816 905 AthenaS,
848 832 1131 926 Spartam,
1156 832 1431 891 Rhodum
1466 841 1525 890 et
1556 852 1752 890 earum
1784 832 1935 891 urbi-

239 932 342 970 um
371 912 678 990 separatim
707 913 782 970 ad
808 914 1088 971 universis
1116 913 1374 990 singulos
1408 913 1676 990 diligunt,
1698 920 1765 970 ut
1793 913 1935 991 Pyr-

239 991 333 1050 rhi
382 991 538 1050 bello
591 992 849 1065 Curium,
885 993 1229 1065 Fabricium,
1266 993 1708 1065 Coruncanium,
1743 994 1933 1071 primo

239 1071 468 1130 Punico
528 1071 874 1145 Calatinum,
913 1073 1218 1144 Duillium,
1262 1072 1576 1144 Metellum,
1617 1073 1929 1145 Lutatium,

239 1153 494 1210 secundo
535 1152 873 1225 Maximum,
897 1152 1249 1225 Marcellum,
1276 1153 1635 1226 Africanum,
1659 1161 1793 1230 post
1826 1154 1933 1211 hos
2026 1151 2028 1154 ⁴

238 1231 528 1304 Paullum,
571 1232 914 1305 Gracchum,
959 1233 1260 1305 Catonem,
1300 1240 1601 1310 patrumve
1655 1234 1935 1292 memoria

239 1311 592 1389 Scipionem,
623 1313 896 1386 Laelium,
927 1313 1257 1391 multosque
1298 1321 1591 1390 praeterea
1638 1320 1697 1371 et
1738 1321 1934 1371 nostra
1998 1385 2005 1391 ι

239 1392 444 1449 civitas
476 1400 536 1451 ct
567 1391 808 1452 Graecia
838 1391 977 1452 tulit
1009 1394 1325 1470 singulares
1360 1395 1526 1465 virOS,
1560 1413 1803 1472 quorum
1838 1414 1933 1451 ne-

237 1473 458 1529 minem
488 1472 600 1530 nisi
627 1472 860 1532 iuvante
894 1473 1004 1532 deo
1032 1474 1208 1532 talem
1236 1473 1416 1531 fuisse
1449 1473 1795 1532 credendum
1827 1481 1929 1532 est.

241 1557 377 1610 166.
422 1551 581 1620 Quae
623 1553 772 1611 ratio
813 1560 1018 1631 poetas
1059 1555 1423 1631 maximeque
1464 1552 1787 1610 Homerum
1829 1554 1934 1610 irn-

236 1631 408 1708 pulit,
439 1639 507 1690 ut
546 1633 904 1711 principibus
950 1633 1211 1706 heroum,
1241 1633 1423 1705 Ulixi,
1453 1632 1749 1706 Diomedi,
1779 1633 1934 1711 Aga-

235 1713 554 1787 memnoni,
583 1712 818 1787 Achilli,
849 1721 1034 1772 certos
1077 1714 1217 1772 deos
1258 1713 1655 1771 discriminum
1698 1721 1756 1772 et
1789 1715 1933 1792 peri-

237 1793 501 1851 culorum
557 1794 800 1852 comites
859 1795 1212 1872 adiungeret.
1318 1794 1621 1853 Praeterea
1673 1794 1930 1871 ipsorum

236 1873 481 1931 deorum
515 1893 682 1953 saepe
710 1875 1063 1951 praesentiae
1093 1875 1287 1952 quales
1321 1892 1494 1951 supra
1524 1892 1934 1932 commemora-

237 1953 314 2025 vi,
339 1953 629 2012 declarant
657 1954 728 2012 ab
757 1954 849 2011 his
882 1962 942 2012 et
969 1954 1300 2012 civitatibus
1333 1960 1392 2012 et
1420 1954 1661 2031 singulis
1686 1953 1934 2011 homini—

233 2033 348 2091 bus
389 2034 644 2092 consuli:
689 2033 846 2111 quod
881 2035 1116 2111 quidem
1151 2034 1504 2111 intellegitur
1545 2034 1719 2092 etiam
1762 2034 1934 2111 signi-

236 2112 604 2172 ficationibus
646 2133 832 2172 rerum
879 2116 1221 2186 futurarum,
1248 2134 1392 2192 quae
1433 2121 1560 2172 tum
1603 2114 1933 2172 dormienti-

235 2192 365 2265 buS,
394 2200 522 2251 tum
549 2193 924 2272 vigilantibus
952 2195 1392 2272 portenduntur.
1477 2194 1663 2253 Multa
1689 2201 1934 2272 praeter-

238 2292 308 2331 ea
363 2274 621 2346 ostentiS,
658 2274 842 2331 multa
889 2275 1063 2332 etiam
1107 2275 1253 2333 ext-is
1295 2275 1673 2333 admonemur
1713 2275 1933 2333 multis-

239 2372 354 2431 que
395 2353 564 2411 rebus
604 2354 746 2425 aliis,
781 2374 922 2431 quas
963 2354 1269 2413 diuturnus
1310 2376 1445 2413 usus
1478 2356 1561 2413 ita
1600 2356 1840 2427 notavit,
1866 2364 1932 2414 ut

237 2440 423 2491 artem
457 2434 832 2491 divinationis
873 2434 1134 2506 efficeret.
1224 2436 1355 2493 167.
1401 2435 1591 2493 Nemo
1623 2436 1806 2513 igitur
1846 2437 1933 2493 vir

237 2532 485 2591 magnus
534 2514 656 2571 sine
711 2514 906 2591 aliquo
961 2514 1173 2572 adflatu
1226 2515 1422 2572 divino
1470 2534 1747 2592 umquam
1796 2516 1926 2574 fuit.

227 2592 364 2665 ‚Nec
397 2612 533 2652 vero
561 2594 648 2651 ita
677 2594 1056 2652 refellendum
1090 2602 1192 2665 est,
1216 2601 1299 2667 ut,
1324 2596 1373 2652 si
1402 2594 1691 2672 segetibus
1725 2601 1825 2652 aut
1854 2596 1933 2653 vi-

233 2668 391 2731 netis
425 2673 746 2751 cuiuspiam
780 2681 1092 2752 tempestas
1124 2674 1385 2733 nocuerit
1418 2682 1519 2733 aut
1547 2675 1596 2731 si
1626 2674 1765 2752 quid
1793 2694 1824 2733 e
1852 2675 1933 2733 vi-

238 2760 334 2811 tae
368 2754 690 2811 commodis
723 2772 888 2812 casus
920 2754 1233 2826 abstulerit,
1258 2774 1408 2825 eum,
1432 2755 1525 2812 cui
1556 2755 1695 2831 quid
1721 2754 1929 2813 horum

239 2832 530 2905 acciderit,
555 2841 656 2891 aut
681 2834 929 2891 invisum
962 2835 1072 2892 deo
1106 2843 1204 2893 aut
1231 2834 1555 2913 neglectum
1587 2853 1621 2890 a
1648 2834 1757 2891 deo
1788 2835 1932 2892 iudi-

240 2931 452 2971 cemus,
540 2913 752 2991 Magna
798 2914 862 2971 di
896 2920 1113 2985 curant,
1142 2934 1316 2991 parva
1356 2914 1687 2991 neglegunt.
1775 2914 1933 2989 Mag-

239 2992 332 3049 nis
376 2998 570 3051 autem
621 2994 756 3051 viris
799 3013 1069 3071 prospere
1106 2989 1427 3070 [eveniunt]
1456 3012 1690 3084 semper
1734 3011 1934 3049 omnes

239 3090 350 3141 res,
381 3071 430 3129 si
465 3072 698 3149 quidem
743 3072 882 3130 satis
915 3092 950 3129 a
981 3074 1193 3131 nostris
1226 3080 1285 3129 et
1316 3093 1351 3129 a
1382 3071 1658 3160 principe
1684 3070 1933 3146 philoso-

240 3116 415 3228 phiae
457 3151 694 3210 Socrate
733 3152 956 3209 dictum
989 3159 1078 3209 est
1110 3152 1183 3209 de
1214 3149 1574 3208 ubertatibus
1606 3149 1836 3206 virtutis
1876 3155 1935 3206 et

242 3229 445 3308 copiis·
