2199 3546
254 145 348 192 184
453 187 460 196 ,
773 141 872 190 ΒΕ
903 139 1411 190 DIVINATIONE.

251 243 307 300 in
359 243 486 318 ipso
529 241 780 298 Romulo
821 241 960 298 haec
1008 241 1293 299 calliditas
1340 260 1463 298 esse
1504 240 1715 317 potuit,
1752 245 1821 296 ut
1868 239 1950 296 ad

249 341 494 380 errorem
539 320 930 378 multitudinis
971 321 1268 398 religionis
1306 320 1607 377 simulacra
1638 319 1945 396 fingerent.

249 402 365 459 Sed
391 399 696 458 difficultas
730 399 1004 477 laborque
1039 401 1298 458 discendi
1331 400 1605 458 disertam
1640 399 1951 476 neglegen-

249 482 390 539 tiam
422 480 692 538 reddidit.
775 479 1004 538 Malunt
1037 481 1194 538 enim
1228 480 1503 538 disserere
1544 479 1687 536 nihil
1724 498 1847 536 esse
1882 479 1945 535 in

249 561 516 638 auspiciis
547 579 720 637 quam
749 559 892 638 quid
919 560 996 618 sit
1024 560 1289 618 ediscere.
1370 565 1505 617 106.
1543 557 1697 628 Quid
1726 566 1816 616 est
1841 559 1949 616 illo

249 641 502 718 auspicio
531 640 798 710 diviniuS,
821 639 978 717 quod
999 640 1159 717 apud
1178 646 1237 698 te
1259 639 1320 696 in
1348 638 1535 697 Mario
1562 639 1686 696 est?
1728 646 1795 696 ut
1816 645 1949 696 utar

249 721 617 799 potissimum
643 727 702 778 te
731 727 996 778 auctore:

444 878 545 927 Hic
571 877 703 926 Iovis
725 876 924 926 altisoni
947 877 1113 926 subito
1135 887 1353 940 pennata
1375 877 1571 926 sateuae

443 943 652 991 Arboris
674 957 703 991 e
725 951 902 991 trunco
925 943 1166 1005 serpentis
1190 943 1359 991 saucia
1381 957 1549 990 morsu

443 1007 666 1068 Subrigit
689 1009 796 1070 ipsa
817 1008 933 1056 feris
956 1008 1254 1068 transfigens
1280 1009 1527 1068 unguibus
1550 1021 1767 1068 anguem

442 1073 798 1122 Semianimum
823 1081 874 1122 et
889 1073 1028 1121 varia
1049 1073 1268 1134 graviter
1291 1074 1481 1122 cervice
1504 1073 1792 1120 micantem.

443 1139 604 1198 Quem
631 1152 684 1186 se
705 1139 1068 1200 intorquentem
1096 1139 1290 1186 lanians
1314 1147 1572 1200 rostroque
1590 1147 1877 1200 cruentam,

445 1205 553 1252 lam
579 1205 760 1252 satiata
781 1204 989 1264 animos,
1010 1204 1111 1252 iam
1138 1205 1288 1252 duros
1312 1204 1417 1252 ulta
1439 1203 1649 1262 dolores,

445 1269 614 1318 Abicit
636 1269 884 1317 efflantem
909 1279 959 1317 et
982 1268 1255 1318 laceratum
1278 1269 1469 1326 adfligit
1492 1269 1541 1317 in
1569 1268 1721 1331 unda,

443 1336 607 1398 Seque
629 1335 766 1382 obitu
789 1350 820 1382 a
843 1333 960 1382 solis
984 1335 1168 1383 nitidos
1193 1335 1436 1382 convertit
1461 1334 1524 1382 ad
1551 1344 1705 1383 ortus

445 1399 592 1447 Hanc
617 1400 702 1448 ubi
725 1400 1036 1462 praepetibus
1059 1400 1233 1461 pennis
1256 1399 1496 1461 lapsuque
1522 1399 1774 1447 volantem

444 1465 719 1526 Conspexit
741 1464 948 1525 Marius,
971 1464 1127 1512 divini
1152 1465 1367 1512 numinis
1390 1479 1564 1524 augur,
1832 1475 1841 1478 ·
1926 1457 1944 1468 ‘

442 1530 728 1591 Faustaque
750 1530 891 1589 signa
915 1545 1032 1578 suae
1055 1529 1217 1577 laudis
1242 1529 1529 1591 reditusque
1553 1528 1765 1590 notavit,

443 1594 680 1642 Partibus
702 1594 918 1642 intonuit
940 1594 1063 1642 caeli
1087 1605 1228 1657 patei·
1251 1595 1356 1656 ipse
1377 1595 1605 1644 sinistris·

444 1658 527 1707 Sic
548 1659 743 1722 aquilae
765 1660 952 1708 clarum
977 1660 1195 1709 firmavit
1218 1660 1441 1724 Iuppiter
1464 1675 1628 1708 omen.

251 1807 525 1866 XLVIII.
616 1808 747 1867 107.
779 1808 976 1886 Atque
1009 1809 1105 1867 ille
1139 1809 1373 1868 Romuli
1408 1816 1721 1887 auguratus
1755 1816 1944 1888 pasto-

250 1889 397 1960 raliS,
422 1908 540 1945 non
571 1889 818 1947 urbanus
845 1889 977 1961 fuit,
1003 1909 1109 1947 nec
1138 1890 1307 1948 fictus
1335 1890 1409 1947 ad
1433 1889 1734 1967 opiniones
1765 1890 1943 1969 impe-

251 1970 509 2039 ritorum‚
546 1968 646 2026 sed
687 1989 722 2027 a
762 1969 929 2029 certis
979 1976 1248 2047 acceptus
1291 1976 1348 2027 et
1394 1970 1635 2047 posteris
1678 1969 1941 2029 traditus.

251 2048 451 2127 Itaque
493 2048 776 2107 Romulus
823 2068 1022 2127 augur,
1057 2056 1125 2107 ut
1166 2050 1320 2127 apud
1364 2049 1615 2107 Ennium
1668 2058 1772 2122 est,
1810 2070 1941 2108 cum

249 2129 426 2187 fratre
453 2130 595 2187 item
624 2149 854 2207 augure,

447 2272 690 2321 Curantes
713 2288 896 2334 magna
918 2290 1032 2323 cum
1055 2288 1174 2323 cura
1197 2281 1303 2322 tum
1327 2274 1582 2337 cupientes

443 2336 607 2395 Regni
629 2336 752 2385 dant
774 2354 976 2400 operam
999 2340 1146 2387 simul
1172 2339 1395 2403 auspicio
1418 2340 1738 2404 augurioque.

446 2402 580 2449 Hinc
604 2401 792 2451 Remus
813 2404 1034 2465 auspicio
1057 2420 1111 2453 se
1134 2404 1343 2455 devovet
1366 2415 1518 2469 atque
1540 2406 1813 2455 secundam

445 2465 589 2515 Solus
612 2482 754 2515 avem
779 2480 957 2519 servat.
1030 2472 1105 2519 At
1127 2471 1369 2520 Romulus
1392 2472 1597 2534 pulcher
1618 2473 1669 2520 in
1692 2472 1797 2521 alto

445 2531 652 2590 Quaerit
677 2534 942 2595 Aventino,
967 2546 1131 2583 servat
1150 2552 1307 2597 genus
1328 2537 1691 2587 altivolantum.

445 2596 716 2645 Certabant
739 2599 907 2647 urbem
935 2600 1147 2649 Romam
1175 2602 1509 2651 Remoramne
1530 2610 1775 2651 vocarent.

446 2662 690 2711 Omnibus
713 2678 832 2711 cura
857 2664 972 2711 viris
995 2678 1105 2714 uter
1127 2677 1257 2714 esset
1281 2668 1611 2730 induperator.

446 2728 756 2788 Exspectant
778 2730 942 2781 veluti.
969 2732 1141 2778 consul
1164 2747 1279 2779 cum
1301 2733 1499 2781 mittere
1521 2733 1717 2793 signum

445 2792 586 2852 Volt‚
604 2807 776 2841 omnes
801 2796 932 2841 avidi
959 2806 1186 2857 spectant
1208 2798 1271 2844 ad
1294 2800 1501 2846 carceris
1524 2812 1655 2859 orm,

271 2848 401 2903 108.
446 2856 610 2917 Quam
633 2872 755 2905 mox
778 2860 974 2907 emittat
999 2861 1140 2921 pictis
1167 2877 1194 2909 e
1218 2862 1440 2911 faucibus
1464 2878 1671 2911 currus:

447 2923 529 2971 Sic
551 2924 873 2983 exspectabat
896 2926 1105 2986 populus
1128 2937 1275 2989 atque
1297 2943 1384 2975 ora
1408 2929 1607 2977 tenebat

446 2986 630 3045 Rebus
655 2988 749 3035 utri
774 2989 942 3047 magni
967 2989 1174 3036 victoria
1197 2992 1260 3037 sit
1284 2992 1401 3038 data
1425 2994 1580 3051 regni.

444 3050 644 3096 Interea.
666 3051 737 3097 sol
763 3052 902 3097 albus
926 3054 1130 3098 recessit
1153 3054 1203 3098 in
1227 3054 1384 3101 infera
1404 3057 1580 3104 noctis.

444 3111 581 3159 Exin
606 3113 818 3159 candida
841 3128 892 3158 se
918 3114 1067 3159 radiis
1093 3115 1233 3162 dedit
1255 3117 1357 3164 icta
1378 3118 1511 3167 foras
1532 3120 1637 3169 lux.
1926 3160 1933 3163 -

444 3176 514 3222 Et
536 3175 681 3220 simul
706 3190 770 3221 ex
793 3175 896 3220 alto
922 3175 1065 3233 longe
1087 3178 1417 3236 pulcherrima
1440 3197 1643 3245 praepes

606 3390 634 3421 Ο

547 3434 836 3509 Α
