2199 3546
195 150 290 196 110
637 145 736 196 DE
767 146 1071 198 NATURA
1103 145 1424 197 DEORUM.

189 247 506 308 admodum
546 249 760 326 impios
800 248 1086 322 convenit,
1117 250 1267 308 mihi
1302 250 1535 328 quidem
1578 269 1649 310 ex
1681 251 1875 310 animo

190 329 321 388 exui
354 347 472 387 non
505 336 715 405 potest,
747 349 870 388 esse
910 328 1066 388 deos.
1152 329 1226 388 Id
1256 336 1451 390 tamen
1485 331 1694 408 ipsum,
1718 331 1877 409 quod

189 409 335 466 mihi
363 428 698 491 persuasum
729 416 818 468 est
849 410 1191 469 auctoritate
1217 411 1519 482 maiorum,
1544 430 1646 469 eur
1671 412 1755 469 ita
1780 413 1873 485 sit,

186 489 333 546 nihil
367 491 432 547 tu
465 508 560 547 me
600 488 787 548 doces».
873 488 1028 560 Quid
1062 497 1165 563 est,
1196 490 1387 569 inquit
1420 489 1655 564 Balbus,
1686 491 1735 548 si
1766 491 1877 550 tibi

187 588 522 645 persuasum
550 576 652 642 est,
677 588 779 628 cur
804 589 840 628 a
863 589 960 628 me
986 569 1127 628 velis
1154 569 1407 630 discere?
1487 569 1639 628 Tum
1674 570 1874 630 Cotta:

188 648 340 718 Quia
381 649 464 707 sic
508 648 829 726 adgredior,
859 650 1066 727 inquit,
1095 650 1171 709 ad
1211 649 1360 708 hanc
1403 649 1874 728 disputationem,

188 730 352 806 quasi
385 729 528 786 nihil
563 748 838 808 umquam
879 730 1162 788 audierim
1202 730 1277 788 de
1310 730 1399 788 dis
1433 729 1873 804 immortalibua

187 809 330 867 nihil
360 809 750 886 cogitaverim,
772 809 974 868 rudem
1001 829 1096 868 me
1125 817 1186 868 et
1209 810 1499 888 integrum
1526 809 1875 888 discipulum

187 890 380 966 accipe
429 897 489 947 et
541 909 623 962 ea,
661 908 805 967 quae
853 891 1098 968 requir0,
1136 890 1294 950 doce.
1400 895 1453 948 8.
1510 889 1625 948 Die
1676 890 1873 968 igitur,

185 969 392 1047 inquit,
432 969 572 1046 quid
617 969 886 1048 requiras,
971 969 1211 1047 Egone?
1257 969 1513 1048 primum
1558 969 1719 1042 illud,
1754 989 1872 1044 eur,

187 1049 344 1126 quod
387 1049 449 1107 in
493 1049 606 1106 ista
646 1051 957 1127 partitione
1000 1069 1073 1108 ne
1122 1069 1287 1128 egere
1332 1050 1565 1129 quidem
1614 1050 1875 1109 oratione

185 1128 440 1200 dixisses,
466 1129 624 1205 quod
655 1136 805 1187 esset
836 1131 1203 1207 perspicuum
1234 1137 1295 1189 et
1320 1130 1471 1188 inter
1502 1149 1703 1189 omnes
1742 1149 1877 1188 con-

185 1215 377 1279 staret,
408 1209 482 1266 de
515 1227 584 1268 eo
617 1209 747 1287 ipso
778 1217 900 1267 tam
933 1210 1119 1269 multa
1149 1209 1375 1270 dixeris·
1460 1209 1613 1278 Quia
1640 1215 1701 1268 te
1736 1229 1877 1287 quo-

186 1307 312 1364 que,
343 1289 550 1366 inquit,
585 1289 982 1362 animadverti,
1019 1289 1211 1361 Cotta,
1248 1309 1433 1366 saepe,
1464 1309 1597 1348 cum
1638 1289 1697 1347 in
1739 1290 1874 1348 foro

183 1367 418 1440 dicereS,
465 1388 638 1446 quam
686 1369 949 1446 plurimis
989 1388 1189 1447 posses
1236 1369 1591 1448 argumentis
1637 1387 1875 1428 onerare

183 1448 451 1521 iudicem,
483 1448 532 1506 si
573 1448 750 1508 modo
795 1467 920 1508 eam
956 1449 1294 1508 facultatem
1336 1448 1449 1508 tibi
1486 1449 1649 1509 daret
1684 1469 1869 1508 causa.

182 1528 379 1606 Atque
407 1528 520 1587 hoe
546 1529 704 1588 idem
737 1536 798 1588 et
822 1529 1159 1608 philosophi
1178 1530 1402 1588 faciunt
1428 1536 1489 1587 et
1521 1548 1631 1607 ego
1658 1537 1726 1598 ut
1746 1536 1875 1606 pot-

183 1609 246 1666 ui
277 1611 408 1669 feei.
491 1609 583 1668 Tu
617 1617 828 1681 autem,
859 1610 960 1687 qui
986 1609 1050 1668 id
1079 1611 1319 1687 quaeris,
1345 1608 1609 1668 similiter
1632 1609 1781 1667 facis
1804 1629 1873 1668 ae

183 1688 233 1744 si
259 1707 354 1747 me
380 1709 550 1767 roges
581 1709 683 1748 eur
707 1696 768 1748 te
793 1688 1022 1748 duobus
1053 1696 1328 1748 contuear
1354 1689 1535 1748 oculis
1562 1696 1625 1748 et
1649 1709 1768 1748 non
1796 1689 1874 1748 al·

179 1777 308 1827 tero
349 1778 635 1842 contuear,
668 1789 799 1828 cum
833 1768 988 1829 idem
1021 1790 1139 1830 uno
1172 1769 1410 1849 adsequi
1442 1771 1678 1848 possim.
1762 1769 1868 1831 IV.

182 1856 239 1907 9.
282 1850 432 1908 Tum
465 1850 675 1909 Cotta:
719 1850 908 1919 Quam
941 1850 1127 1909 simile
1160 1851 1317 1909 istud
1346 1850 1439 1921 sit,
1461 1850 1671 1928 inquit,
1692 1858 1761 1909 tu
1792 1851 1874 1910 vi·

183 1930 350 1987 deris.
433 1930 586 1987 Nam
615 1949 726 2007 ego
755 1950 940 2009 neque
967 1930 1027 1989 in
1057 1931 1259 2004 causis,
1282 1931 1331 1989 si
1360 1930 1502 2009 quid
1530 1937 1619 1989 est
1638 1930 1873 1990 evidens

181 2009 256 2067 de
298 2029 411 2084 quo
454 2010 604 2068 inter
643 2029 846 2069 omnes
891 2012 1212 2082 conveniat,
1238 2009 1631 2089 'argumentari
1678 2011 1869 2070 soleo:

181 2090 556 2167 perspicuitas
589 2092 744 2149 enim
773 2090 1270 2167 argumentatione
1298 2090 1566 2163 elevatur,
1587 2110 1709 2163 nec,
1733 2091 1783 2149 si
1809 2091 1873 2150 id

181 2170 427 2226 facerem
467 2170 528 2226 iii
573 2171 758 2228 causis
803 2170 1143 2243 forensibus,
1174 2170 1331 2229 idem
1368 2170 1618 2229 facerem
1660 2171 1721 2229 in
1763 2170 1871 2229 hae

181 2247 497 2306 subtilitate
545 2252 838 2309 sermonis.
923 2250 1043 2309 Cur
1082 2257 1415 2311 contuerere
1455 2258 1650 2309 autem
1690 2250 1869 2309 altero

180 2328 350 2385 oculo
392 2348 562 2387 causa
595 2348 710 2386 non
745 2338 912 2402 esset,
943 2349 1072 2390 eum
1110 2330 1265 2389 idem
1300 2330 1539 2390 obtutus
1572 2338 1723 2389 esset
1754 2350 1871 2388 am·

179 2406 404 2477 borum,
435 2416 496 2467 et
543 2427 690 2466 eum·
722 2429 912 2467 rerum
962 2418 1181 2482 natura,
1214 2429 1387 2489 quam
1436 2417 1503 2469 tu
1536 2411 1871 2489 sapientem

179 2507 301 2545 esse
345 2488 450 2562 viS‚
479 2489 596 2546 duo
631 2488 850 2547 lumina
889 2489 962 2548 ab
1002 2490 1199 2548 animo
1238 2490 1315 2548 ad
1349 2489 1546 2550 oeulos
1578 2490 1873 2567 perforata

179 2586 287 2625 nos
319 2568 530 2627 habere
562 2568 848 2629 voluisset.
934 2569 1047 2629 Sed
1079 2570 1215 2647 quia
1240 2589 1359 2629 non
1376 2569 1721 2629 confidebas
1748 2577 1871 2628 tam

179 2666 302 2705 esse
329 2648 392 2706 id
420 2648 787 2726 perspicuum
822 2669 994 2728 quam
1028 2656 1094 2709 tu
1128 2650 1316 2722 velleS,
1339 2656 1646 2727 propterea
1672 2649 1872 2709 multis

179 2728 533 2804 argumentis
580 2728 718 2786 deos
767 2749 889 2788 esse
937 2730 1143 2788 docere
1191 2729 1439 2790 voluisti.
1524 2729 1673 2788 Mihi
1714 2729 1872 2788 enim

179 2826 361 2864 unum
405 2814 494 2865 sat
529 2815 651 2865 erat
687 2809 770 2865 ita
806 2808 974 2866 nobis
1005 2809 1253 2867 maiores
1283 2816 1512 2867 nostros
1544 2808 1868 2869 tradidisse.

179 2884 296 2944 Sed
324 2893 390 2943 tu
423 2886 792 2945 auctoritates
825 2888 1165 2959 contemniS,
1190 2888 1411 2947 ratione
1444 2908 1685 2967 pugnas,
1774 2894 1868 2949 10.

178 2964 386 3023 Patere
417 2965 598 3042 igitur
637 2966 919 3023 rationem
953 2985 1141 3023 meam
1182 2986 1316 3025 cum
1348 2974 1450 3025 tua
1480 2968 1705 3027 ratione
1738 2987 1873 3029 eon-

179 3042 430 3103 tendere.
515 3044 730 3101 Adfers
756 3044 896 3102 haec
925 3046 1123 3103 omnia
1147 3054 1487 3123 argumenta
1512 3066 1615 3105 cur
1641 3047 1704 3106 di
1732 3047 1871 3122 sint,

180 3139 413 3197 remque
445 3140 576 3179 mea
611 3124 893 3182 sententia
925 3124 1165 3183 minime
1198 3126 1437 3184 dubiam
1468 3133 1873 3205 argumentan-

179 3198 257 3257 do
291 3198 527 3259 dubiam
554 3201 714 3262 facis.
799 3202 1068 3263 Mandavi
1095 3204 1251 3264 enim
1279 3207 1591 3267 memoriae
1616 3226 1739 3267 non
1764 3226 1872 3267 nu·
