2199 3546
540 159 808 222 L113.11.‚
835 158 994 210 cAP.
1021 157 1471 220 xx.-xxl11.‚§
1507 160 1687 208 53-59.
1894 160 1964 211 ev

247 281 412 340 -ergo
437 261 836 320 admirabilem
869 261 1130 320 ordinem
1162 260 1670 338 incredibilemque
1702 267 1967 320 constan-

253 343 432 414 tiam,
455 361 524 400 ex
553 362 668 420 qua
693 342 1053 400 conservatio
1087 349 1147 400 et
1169 342 1319 399 salus
1348 341 1607 400 omnium
1637 342 1828 399 omnis
1856 342 1967 399 ori-

265 430 381 494 tur,
404 422 503 500 qui
525 442 724 480 vacare
751 429 946 480 mente
969 429 1152 499 putat,
1174 421 1224 479 is
1244 422 1367 499 ipse
1402 422 1612 480 mentis
1640 441 1840 498 expers
1869 421 1965 480 ha-

265 501 496 561 bendus
517 510 619 562 est.
705 503 800 560 57.
837 501 1015 560 Haud
1043 521 1197 580 ergo,
1218 510 1285 560 ut
1312 502 1535 579 opinor,
1560 521 1833 573 erraverO,
1854 502 1903 560 si
1930 521 1967 560 a

265 583 532 660 principe
571 582 1004 659 investigandae
1046 582 1303 640 veritatis
1341 581 1515 639 huius
1555 581 1965 658 disputationis

267 663 623 740 principium
651 662 883 721 duxero.
969 661 1169 720 XXII.
1201 661 1355 720 Zeno
1384 662 1565 738 igitur
1589 662 1674 719 ita
1700 671 1963 720 naturam

263 741 490 813 definit,
515 750 584 800 ut
610 762 736 801 eam
763 742 921 800 dicat
949 742 1145 819 ignem
1178 761 1299 800 esse
1332 740 1706 799 artificiosum
1740 741 1815 800 ad
1841 743 1965 818 gig-

265 823 522 880 nendum
548 823 1012 900 progredientem
1035 823 1145 880 via.
1215 821 1427 885 Censet
1448 821 1600 878 enim
1624 821 1762 879 artis
1787 822 1967 878 maxi-

247 921 364 962 -me
391 903 694 980 proprium
721 921 844 960 esse
871 922 1060 960 creare
1088 910 1149 961 et
1174 902 1427 979 gignere,
1450 900 1721 980 quodque
1740 901 1802 958 in
1833 920 1966 978 ope-

249 981 430 1040 -ribus
457 991 782 1040 nostrarum
807 982 1020 1040 artium
1048 1002 1255 1040 manus
1284 981 1507 1052 efficiat,
1528 981 1589 1038 id
1617 981 1803 1040 multo
1832 981 1965 1040 arti·

265 1060 524 1120 ficiosius
549 1071 812 1121 naturam
841 1061 1076 1134 efficere,
1097 1063 1160 1120 id
1188 1070 1291 1133 est,
1314 1069 1379 1120 ut
1406 1061 1544 1135 dixi,
1568 1061 1761 1139 ignem
1791 1061 1964 1119 artifi-

262 1142 510 1214 ciosum,
541 1143 880 1220 magistrum
923 1127 1131 1200 arfium
1178 1142 1540 1220 reliquarum.
1622 1141 1821 1219 Atque
1853 1141 1963 1198 hac

267 1221 507 1296 quidem
534 1223 758 1280 ratione
784 1223 974 1281 omnis
1001 1229 1206 1281 natura
1231 1221 1537 1280 artificiosa
1562 1230 1666 1294 est,
1688 1221 1844 1299 quod
1867 1221 1964 1280 ha-

247 1301 370 1360 ·bet
404 1301 566 1379 quasi
600 1300 752 1358 viam
787 1300 1076 1378 quandam
1122 1311 1181 1360 ct
1208 1310 1439 1374 sectam,
1464 1321 1635 1380 quam
1672 1310 1957 1380 sequatur.

270 1387 366 1439 58.
394 1381 582 1458 Ipsius
598 1401 732 1440 vero
755 1382 974 1454 mundi,
1001 1383 1101 1460 qui
1124 1383 1319 1442 omnia
1340 1382 1644 1460 complexu
1672 1401 1777 1444 sno
1806 1389 1963 1442 coer-

267 1468 363 1518 cet
389 1469 450 1519 et
477 1462 752 1534 continet,
777 1470 981 1520 natura
1007 1482 1125 1520 non
1155 1461 1458 1521 artificiosa
1488 1462 1692 1533 solum,
1716 1463 1819 1519 sed
1845 1461 1963 1538 pla-

267 1560 344 1598 ne
365 1542 573 1600 artifex
596 1542 668 1599 ab
696 1543 897 1600 eodem
921 1542 1151 1601 Zenone
1172 1542 1401 1613 dicitur,
1418 1542 1732 1600 consultrix
1754 1549 1812 1600 et
1833 1561 1963 1618 pro-

267 1621 406 1678 vida
433 1622 745 1680 utilitatum
777 1624 1393 1700 opportunitatumque
1416 1623 1694 1682 omnium.
1762 1622 1961 1700 Atque

269 1708 338 1758 ut
363 1709 584 1761 ceterae
608 1709 848 1760 naturae
865 1703 986 1760 suis
1005 1702 1323 1760 seminibus
1344 1721 1603 1781 quaeque
1622 1702 1957 1781 gignuntur,

249 1790 601 1860 augescunt,
625 1784 1010 1855 continentur,
1035 1784 1117 1841 sic
1146 1791 1351 1842 natura
1377 1784 1581 1841 mundi
1608 1803 1809 1842 omnes
1841 1803 1963 1841 mo·

267 1870 364 1921 tus
385 1862 561 1922 babet
576 1863 928 1922 voluntarios
949 1871 1302 1942 conatusque
1324 1872 1383 1922 et
1399 1863 1801 1941 appetitioneS,
1818 1883 1961 1941 quas

267 1944 441 2018 ὁρμὰς
468 1943 670 2001 Graeci
699 1950 922 2015 vocant,
947 1950 1008 2001 et
1033 1944 1125 2001 his
1153 1951 1563 2002 consentaneas
1595 1943 1850 2001 actiones
1878 1944 1959 2002 sic

268 2023 508 2081 adhibet
541 2032 606 2082 ut
634 2031 860 2081 nosmet
895 2024 1025 2101 ipsi,
1051 2024 1152 2101 qui
1180 2023 1387 2081 animis
1419 2042 1721 2081 movemur
1752 2031 1811 2082 et
1838 2043 1961 2081 sen-

250 2103 444 2162 sibus,
527 2103 682 2161 Talis
709 2103 889 2180 igitur
916 2123 1078 2161 mens
1110 2102 1317 2163 mundi
1344 2122 1479 2161 cum
1510 2103 1587 2161 sit
1616 2102 1691 2161 ob
1720 2122 1960 2194 eaqure

257 2202 499 2245 ‚causam
527 2184 616 2241 vel
647 2184 954 2260 prudentia
981 2184 1070 2242 vel
1104 2184 1469 2262 providentia
1500 2182 1774 2274 appellari
1806 2191 1959 2242 recte

268 2262 748 2341 possit—Graece
789 2265 944 2321 enim
986 2266 1218 2339 πρόνοια
1259 2262 1692 2348 dicitur—<haec
1732 2265 1961 2341 potissi-

270 2362 430 2401 mum
454 2343 719 2421 providet
740 2343 879 2401 etin
903 2344 993 2401 his
1015 2345 1265 2403 maxime
1288 2350 1373 2402 est
1392 2350 1685 2422 occupata,
1706 2345 1956 2420 primum

267 2430 334 2481 ut
355 2424 607 2481 mundus
629 2443 800 2501 quam
823 2424 1155 2502 aptissimus
1184 2425 1259 2483 sit
1280 2424 1354 2483 ad
1375 2425 1845 2502 permanendum,
1864 2425 1961 2482 de·

268 2503 406 2560 inde
428 2511 492 2561 ut
513 2503 670 2561 nulla
696 2523 757 2562 re
785 2512 967 2581 egeat,
986 2504 1237 2563 maxime
1265 2512 1458 2563 autem
1487 2505 1635 2563 utin
1658 2524 1727 2562 eo
1750 2504 1961 2563 eximia

268 2583 640 2660 pulchritudo
659 2583 734 2641 sit
751 2592 924 2661 atque
940 2585 1133 2642 omnis
1150 2592 1399 2643 ornatus,
1443 2583 1674 2643 XXIII.
1707 2590 1803 2643 59.
1825 2584 1961 2642 Dic-

267 2670 396 2720 tum
417 2670 506 2720 est
526 2663 598 2721 de
620 2662 884 2721 universo
906 2665 1144 2736 mundo,
1164 2664 1385 2722 dictum
1415 2671 1502 2721 est
1524 2664 1698 2722 etiam
1722 2664 1793 2723 de
1816 2664 1960 2722 side-

269 2742 448 2813 ribus,
475 2749 542 2800 ut
573 2744 690 2801 iam
727 2744 1151 2821 propemodum
1193 2752 1465 2821 appareat
1494 2743 1811 2803 multitudo
1854 2763 1959 2801 nec

267 2822 616 2881 cessantium
656 2823 898 2881 deorum
938 2843 1044 2882 nec
1077 2843 1161 2895 ea,
1192 2843 1339 2901 quae
1370 2831 1562 2901 agant,
1592 2822 1957 2881 molientium

268 2922 402 2960 cum
431 2903 626 2961 labore
653 2922 896 2981 operoso
925 2923 989 2960 ac
1017 2904 1279 2961 molesto·
1366 2903 1499 2961 Non
1530 2903 1683 2960 enim
1713 2903 1872 2959 venis
1900 2909 1962 2960 et

267 2982 459 3040 nervis
486 2989 546 3041 et
575 2983 798 3040 ossibus
826 2983 1210 3053 continentur,
1236 3002 1342 3039 nec
1369 2982 1441 3038 iis
1476 2982 1618 3038 escis
1646 2988 1746 3037 aut
1773 2982 1960 3056 potio-

269 3062 440 3120 nibus
461 3070 784 3131 vescuntur,
805 3069 872 3119 ut
893 3069 993 3119 aut
1020 3062 1195 3119 nimis
1222 3080 1377 3118 acres
1405 3068 1506 3117 aut
1533 3060 1708 3115 nimis
1737 3078 1961 3116 concre-

251 3148 363 3198 -tos
396 3162 626 3199 umores
666 3140 957 3216 colligant,
981 3160 1086 3197 nec
1120 3140 1193 3197 iis
1224 3139 1560 3215 corporibus
1603 3143 1751 3206 sunt,
1776 3145 1842 3194 ut
1876 3157 1963 3191 cr·

272 3240 368 3279 sus
395 3230 498 3279 aut
523 3222 672 3280 ictus
701 3221 1076 3279 extimescant
1097 3226 1199 3277 aut
1218 3217 1453 3275 morbos
1479 3221 1744 3273 metuant
1770 3233 1841 3271 ex
1866 3214 1949 3270 de·
