2199 3546
229 150 326 199 160
751 147 851 196 DE
867 145 1387 197 DIVINATIONE.

226 250 362 308 tatis
395 254 496 308 aut
528 249 938 326 impudentiae,
971 250 1070 327 qui
1102 267 1394 307 occhxx.
1426 248 1585 306 milia
1612 267 1924 320 annorum,

225 337 291 388 ut
323 330 436 407 ipsi
469 329 687 399 dicunt,
717 330 1110 387 monumentis
1151 329 1563 404 comprehensa
1596 329 1923 400 continent,

225 417 284 468 et
315 409 548 467 mentiri
575 408 895 467 iudicemus
927 429 1032 466 nec
1067 409 1419 466 saeculorum
1456 409 1805 486 reliquorum
1835 411 1923 467 iu-

224 490 458 561 dicium,
483 489 640 567 quod
663 489 735 547 de
763 489 903 567 ipsis
929 490 1191 547 futurum
1218 489 1309 560 sit,
1329 489 1744 565 pertimescere.
1817 490 1916 547 37.

223 570 370 647 Age,
393 569 618 627 barbari
653 569 786 627 vani
819 576 990 646 atque
1022 569 1287 626 fallaces:
1331 587 1473 625 num
1506 569 1681 627 etiam
1715 569 1921 626 Graio-

223 670 352 708 rum
399 649 641 708 historia
687 649 932 706 mentita
987 651 1111 707 est?
1192 648 1351 717 Quae
1400 648 1614 707 Croeso
1661 649 1917 726 Pythius

222 730 458 808 Ap0110‚
481 736 549 788 ut
577 729 649 787 de
677 729 920 786 naturali
949 729 1305 786 divinatione
1334 728 1541 799 dicam,
1567 748 1711 806 quae
1732 729 1918 786 Athe-

224 810 534 881 niensibuS,
573 829 716 886 quae
757 808 1239 880 Lacedaemoniis,
1273 828 1418 886 quae
1449 808 1731 901 TegeatiS,
1763 829 1913 887 quae

222 890 310 946 A1
309 909 474 965 gurm,
505 908 651 967 quae
695 888 1012 947 Corinthiis
1065 889 1429 964 responderit
1472 889 1602 967 quis
1644 889 1907 966 ignorat.
1888 891 1912 932 ²

223 968 474 1046 Collegit
521 967 960 1026 innumerabilia
1005 969 1232 1026 oracula
1274 967 1637 1046 Chrysippus
1679 989 1783 1026 nec
1828 970 1912 1026 ul-

222 1048 343 1105 lum
389 1050 512 1106 sine
555 1048 842 1126 locuplete
884 1055 1116 1106 auctore
1150 1055 1323 1126 atque
1354 1055 1534 1106 teste:
1580 1068 1740 1126 quae,
1774 1050 1911 1126 quia

223 1136 362 1186 nota
389 1128 498 1186 tibi
525 1134 676 1200 sunt,
700 1127 998 1205 relinquo:
1041 1128 1295 1187 defendo
1324 1147 1506 1186 unum
1534 1127 1661 1186 hoc.
1730 1129 1913 1187 Num-

224 1227 397 1285 quam
425 1207 568 1265 illud
597 1207 886 1265 oraculum
911 1207 1158 1286 Delphis
1179 1215 1299 1266 tam
1329 1207 1547 1266 celebre
1574 1215 1635 1266 et
1654 1215 1773 1266 tam
1802 1210 1911 1266 ola-

223 1307 348 1345 rum
377 1288 583 1346 fuisset
611 1307 798 1366 neque
826 1289 1002 1346 tantis
1030 1289 1199 1346 donis
1226 1287 1503 1346 refertum
1526 1290 1785 1346 omnium
1810 1309 1911 1366 po·

223 1368 491 1445 pulorum
529 1372 701 1446 atque
742 1387 961 1446 regum,
991 1369 1106 1426 nisi
1140 1369 1329 1426 omnis
1362 1375 1517 1426 aetas
1550 1367 1909 1426 oraculorum

221 1447 452 1507 illorum
483 1449 784 1507 veritatem
815 1455 964 1506 esset
991 1458 1240 1526 experta.
1325 1448 1488 1506 Idem
1516 1449 1633 1506 iam
1660 1449 1763 1506 diu
1792 1468 1909 1506 non

222 1528 380 1587 facit.
451 1533 543 1587 38.
581 1529 670 1588 Ut
696 1529 875 1606 igitur
901 1548 1056 1586 nunc
1077 1529 1299 1586 minore
1320 1529 1503 1606 gloria
1524 1536 1625 1599 est,
1650 1529 1787 1606 quia
1807 1530 1911 1587 mi·

222 1627 332 1666 nus
365 1608 723 1666 oraculorum
757 1608 964 1666 veritas
999 1607 1243 1680 excellit,
1276 1609 1357 1666 sic
1388 1615 1516 1667 tum
1544 1609 1656 1666 nisi
1684 1629 1911 1667 summa

221 1688 462 1747 veritate
504 1689 568 1746 in
601 1695 765 1747 tanta
794 1688 981 1766 gloria
1012 1708 1131 1746 non
1164 1689 1386 1747 fuisset.
1470 1689 1674 1747 Potest
1714 1697 1909 1747 aut-em

221 1769 310 1827 vis
343 1769 440 1827 illa
471 1776 668 1841 terrae,
702 1789 847 1847 quae
880 1776 1136 1827 mentem
1170 1767 1419 1846 Pythiae
1456 1768 1653 1837 divino
1690 1768 1911 1829 adflatu

223 1849 565 1921 concitabat,
589 1850 884 1907 evanuisse
912 1855 1213 1921 vetustate,
1238 1856 1303 1907 ut
1326 1848 1604 1927 quosdam
1626 1850 1910 1907 exaruisse

223 1950 421 1989 amnes
447 1937 548 1988 aut
575 1930 634 1987 in
665 1930 838 1988 alium
875 1948 1107 1988 cursum
1141 1936 1437 1987 contortos
1464 1937 1524 1987 et
1551 1928 1803 1987 deflexos
1831 1931 1911 1987 vi-

221 2010 442 2069 demus.
519 2009 651 2081 Sed,
677 2018 742 2069 ut
769 2010 871 2081 viS,
896 2009 1201 2068 acciderit:
1235 2028 1447 2086 magna
1474 2009 1626 2067 enim
1650 2010 1909 2087 quaestio

223 2097 344 2148 est:
386 2090 565 2148 modo
606 2098 837 2148 maneat
869 2090 948 2161 id,
981 2089 1141 2167 quod
1172 2090 1369 2167 negari
1402 2108 1520 2147 non
1554 2096 1763 2167 potest,
1797 2090 1909 2148 nisi

224 2189 456 2227 omnem
490 2170 789 2227 historiam
823 2170 1279 2247 perverterimuS,
1311 2168 1509 2227 multis
1542 2169 1779 2227 saeculis
1823 2189 1913 2227 ve-

223 2268 322 2306 rax
351 2249 529 2307 fuisse
557 2248 619 2306 id
647 2249 956 2307 oraculum.

303 2328 440 2386 XX.
527 2334 618 2385 39.
665 2327 782 2385 Sed
815 2329 1155 2386 omittamus
1197 2330 1795 2387 oraculazveniamus
1835 2330 1911 2387 ad

223 2409 461 2465 somnia.
546 2407 638 2465 De
667 2408 878 2485 quibus
905 2408 1207 2486 disputans
1240 2410 1599 2487 Chrysippus
1624 2409 1825 2467 multis
1852 2416 1911 2467 et

223 2488 463 2545 minutis
491 2488 732 2545 somniis
759 2488 1099 2566 colligendis
1129 2490 1271 2547 facit
1298 2490 1452 2548 idem
1483 2489 1641 2566 quod
1669 2489 1912 2566 Antipa-

223 2576 326 2639 ter,
352 2587 420 2625 ea
451 2568 810 2645 conquirenS,
843 2588 987 2646 quae
1022 2568 1406 2645 Antiphontis
1438 2570 1909 2647 interpretatione

223 2648 508 2725 explicata
547 2648 839 2707 declarant
874 2649 974 2707 illa
1014 2648 1248 2726 quidem
1284 2668 1523 2707 acumen
1560 2649 1905 2725 interpretiS,

224 2728 325 2785 sed
353 2728 630 2806 exemplis
655 2728 1058 2805 grandioribus
1086 2727 1282 2785 decuit
1310 2729 1410 2786 uti.
1495 2728 1768 2805 Dionysii
1796 2748 1911 2785 ma-

223 2815 326 2877 ter,
351 2808 474 2865 eius
501 2808 601 2883 qui
623 2806 1055 2883 Syracusiorum
1078 2814 1359 2883 tyrannus
1387 2808 1519 2879 fnit,
1544 2815 1611 2865 ut
1632 2808 1907 2884 scriptum

223 2850 378 2962 ap1'1d
406 2886 719 2943 Philistum
753 2893 855 2955 est,
887 2892 946 2943 et
979 2884 1215 2943 doctum
1251 2886 1545 2944 hominem
1580 2894 1639 2945 et
1672 2886 1911 2963 diligen-

221 2971 342 3021 tem
377 2971 435 3021 et
467 2963 762 3041 aequalem
795 2971 1123 3039 temporum
1157 2962 1404 3035 illorum,
1429 2985 1560 3023 cum
1590 2984 1909 3041 praegnans

220 3042 419 3100 hunc
401 3061 596 3133 ipsum
616 3043 966 3117 Dionysium
995 3042 1123 3097 alvo
1152 3009 1487 3115 contineret,
1514 3045 1823 3101 somniavit
1852 3064 1909 3102 se

221 3120 509 3211 peperisse
529 3120 897 3211 Satyriscum.
957 3119 1115 3175 Huic
1132 3120 1471 3196 interpretes
1488 3130 1907 3198 portentorum,

223 3200 323 3274 qui
351 3198 628 3257 Galeotae
653 3206 780 3257 tum
807 3198 870 3255 in
899 3196 1093 3256 Sicilia
1120 3199 1582 3272 nominabantur,
1606 3202 1909 3279 responde⁴
