2199 3546
1341 0 1375 45 ¹
1919 0 1964 9 -

501 161 642 211 LIB.
669 161 734 222 1.,
759 155 918 210 GAP.
950 157 1413 220 XXXIX-XLI„
1440 157 1471 218 ς
1508 159 1750 208 109-115.
1906 157 1973 208 41

285 267 346 322 et
367 268 468 320 aut
487 260 846 319 Iuventatem
877 265 978 318 aut
997 259 1395 336 Ganymedem
1418 259 1627 334 pocula
1650 257 1975 315 ministran-

286 349 424 413 tem,
453 349 520 399 tu
563 347 773 411 autem,
803 339 1068 416 Epicure,
1093 339 1235 416 quid
1277 339 1493 396 facies?
1573 337 1777 414 Neque
1818 337 1974 394 enim

288 421 442 480 unde
469 420 678 478 habeat
703 421 816 478 ista
842 420 984 477 deus
1010 427 1147 476 tuus
1174 419 1341 476 video
1368 437 1474 476 nec
1502 437 1619 495 quo
1646 418 1825 474 modo
1854 423 1975 473 uta-

287 508 398 560 tur.
482 499 852 577 Locupletior
891 501 1070 576 igitur
1106 499 1304 557 homin
1314 516 1409 555 um
1449 506 1655 554 natura
1693 497 1769 556 ad
1810 496 1975 554 beate

287 581 598 639 vivendum
639 587 728 638 est
767 599 938 657 quam
981 579 1239 650 deorum,
1271 577 1427 656 quod
1460 577 1719 654 pluribus
1758 577 1976 652 generi-

287 660 398 719 bus
423 660 638 718 fruitur
663 659 1044 736 voluptatum.
1134 664 1162 715 1
1176 664 1267 715 13.
1310 657 1397 714 At
1423 657 1527 714 has
1558 657 1798 714 leviores
1832 655 1977 713 dieis

288 741 631 818 voluptateS,
652 739 862 817 quibus
888 739 1051 816 quasi
1077 736 1653 813 titillatio—Epicuri
1680 736 1835 794 enim
1864 735 1975 792 hoc

289 820 528 878 verbum
554 818 1032 877 est——adhibetur
1059 817 1334 876 sensibus,
1420 815 1550 885 Quo
1578 833 1760 892 usque
1786 814 1976 876 ludis?

290 899 444 958 Nam
471 900 647 957 etiam
675 898 848 958 Philo
880 905 1078 955 noster
1104 898 1255 955 ferre
1287 916 1404 954 non
1433 902 1663 972 poterat
1688 894 1979 972 aspernati

290 978 608 1056 Epicureos
653 977 858 1036 molles
905 986 966 1036 et
1012 978 1285 1036 delicatas
1332 976 1694 1054 voluptates:
1752 993 1977 1034 summa

291 1057 446 1116 enim
492 1056 770 1114 memoria
814 1055 1227 1133 pronuntiabat
1265 1056 1543 1134 plurimas
1582 1055 1819 1133 Epicuri
1854 1074 1978 1112 sen-

289 1137 502 1195 tentias
533 1135 626 1193 his
657 1137 800 1214 ipsis
832 1136 1036 1208 verbis,
1065 1136 1275 1214 quibus
1316 1143 1479 1194 erant
1516 1137 1776 1214 scriptae.
1861 1135 1976 1192 Me-

290 1217 514 1274 trodori
535 1233 687 1290 vel-0,
707 1216 808 1294 qui
828 1223 918 1274 est
935 1215 1173 1293 Epicuri
1200 1216 1421 1294 collega
1448 1216 1777 1293 sapientiae,
1795 1215 1979 1272 multa

289 1296 718 1374 impudentiora
747 1295 1038 1354 recitabat.
1124 1296 1377 1354 Accu-sat
1408 1296 1561 1354 enim
1591 1295 1977 1353 Timocratem

291 1377 529 1434 fratrem
559 1394 724 1434 suum
755 1375 1135 1447 Met-rodoma,
1156 1376 1313 1453 quod
1341 1375 1568 1434 dubitet
1596 1375 1807 1446 omnia,
1832 1392 1977 1451 quae

292 1456 368 1514 ad
399 1456 624 1513 beatam
654 1456 830 1513 vitam
866 1456 1209 1532 pertineant,
1233 1462 1431 1513 ventre
1461 1456 1673 1526 metiri,
1694 1473 1881 1531 neque
1914 1453 1978 1511 id

293 1536 469 1593 semel
503 1536 663 1606 dicit,
693 1536 795 1593 sed
827 1535 1066 1612 saepius.
1153 1536 1427 1593 Adnuere
1458 1542 1517 1592 te
1550 1535 1735 1593 video,
1819 1533 1979 1591 Nota

293 1616 449 1672 enim
482 1615 592 1672 tibi
625 1622 775 1673 sunt.
860 1615 1189 1672 Proferrem
1222 1615 1417 1687 libros,
1446 1615 1497 1671 si
1528 1633 1779 1692 negareS.
1865 1612 1923 1670 N
1924 1633 1979 1670 e-

294 1715 406 1775 que
452 1713 608 1752 nunc
650 1695 1023 1772 reprehend0‚
1060 1695 1219 1772 quod
1262 1695 1336 1752 ad
1377 1695 1733 1772 voluptatem
1783 1693 1979 1750 omnia

291 1776 612 1833 referantur
630 1775 846 1833 z—alia
889 1783 976 1832 est
1012 1795 1080 1833 ea
1122 1776 1567 1853 quaestio—sed
1612 1776 1793 1832 doceo
1838 1773 1977 1830 deos

294 1863 513 1913 vestros
555 1874 676 1913 esse
708 1855 1023 1934 voluptatis
1064 1862 1357 1933 expertes:
1406 1854 1491 1911 ita
1531 1862 1719 1912 vestro
1760 1854 1977 1910 iudicio

292 1954 370 1993 ne
400 1934 602 1993 beatos
634 1936 884 2011 quidem.
970 1934 1126 1994 XLI.
1172 1936 1257 1992 At
1284 1934 1481 1992 dolore
1508 1940 1728 2003 vacant.
1812 1933 1975 1991 Satin

295 2022 384 2073 est
425 2015 488 2073 id
531 2014 608 2072 ad
651 2015 808 2073 illam
855 2013 1246 2074 abundantem
1290 2013 1459 2072 bonis
1502 2014 1680 2071 vitam
1724 2012 1978 2071 beatissi-

293 2096 486 2152 mam‘tl
571 2099 703 2152 114.
739 2094 994 2171 Cogitat,
1016 2094 1305 2171 inquiunt,
1329 2094 1567 2151 adsidue
1594 2093 1827 2151 beatum
1857 2112 1978 2150 esse

295 2192 388 2232 se:
431 2174 607 2232 habet
649 2174 802 2231 enim
830 2173 993 2232 nihil
1037 2174 1195 2231 aliud
1239 2173 1398 2251 quod
1440 2174 1621 2250 agitet
1662 2174 1724 2230 in
1766 2179 1974 2231 mente.

295 2253 736 2331 Comprehende
767 2254 947 2329 igitur
988 2254 1183 2311 animo
1226 2261 1285 2311 et
1314 2271 1578 2331 propone
1616 2260 1749 2311 ante
1783 2253 1979 2311 oculos

295 2334 466 2391 deum
517 2334 661 2391 nihil
706 2333 862 2391 aliud
905 2335 966 2390 in
1009 2333 1169 2391 omni
1211 2334 1545 2392 aeternitate
1590 2334 1729 2391 nisi:
1776 2332 1977 2389 “Mihi

339 2413 532 2471 ulchre
579 2412 719 2485 est,''
762 2421 854 2471 et:
906 2412 1086 2490 “Ego
1128 2414 1331 2471 beatus
1378 2412 1561 2485 sum,'’
1608 2412 1975 2490 cogitantem.

294 2433 419 2551 {lec
461 2500 655 2551 tamen
689 2493 858 2551 video
893 2512 1008 2571 quo
1043 2493 1220 2551 modo
1253 2512 1372 2550 non
1406 2500 1665 2550 vereatur
1696 2494 1805 2550 iste
1838 2492 1979 2548 deus

291 2573 498 2631 beatus
530 2592 604 2630 ne
636 2573 895 2645 intereat,
925 2592 1057 2631 eum
1092 2574 1215 2631 sine
1256 2572 1373 2629 ulla
1401 2573 1825 2631 ,intermissione
1858 2571 1980 2648 pul-

291 2660 454 2710 setur
497 2653 858 2730 agiteturque
903 2660 1230 2711 atomorum
1264 2652 1589 2710 incursione
1635 2652 1981 2728 sempiterna

295 2751 544 2809 cumque
577 2750 647 2789 ex
673 2732 802 2809 ipso
829 2734 1113 2809 imagines
1144 2750 1369 2810 semper
1401 2732 1671 2790 adfiuant.
1758 2730 1851 2788 Ita
1875 2748 1980 2788 nec

296 2811 500 2870 beatus
527 2819 615 2869 est
640 2819 830 2870 vester
853 2813 994 2870 deus
1020 2832 1129 2870 nee
1155 2820 1432 2869 aeternus.

384 2898 411 2948 1
424 2898 451 2949 1
464 2900 514 2949 5.
541 2892 638 2951 ·At
677 2892 864 2949 etiam.
891 2893 966 2949 de
1007 2892 1328 2963 sanctitate,
1353 2892 1429 2949 de
1457 2892 1672 2968 pietate
1712 2890 1981 2947 adversus

298 2971 439 3029 deos
471 2971 648 3029 libros
681 2969 910 3049 scripsit
936 2972 1233 3049 Epicurus.
1320 2971 1405 3028 At
1438 2990 1553 3048 quo
1586 2969 1762 3027 modo
1795 2969 1855 3025 in
1890 2968 1981 3025 his

297 3050 586 3129 loquitur?
643 3077 658 3109 ·.
667 3050 757 3109 Ut
789 3051 1213 3109 Coruncanium
1257 3058 1357 3109 aut
1390 3049 1719 3109 Scaevolam
1752 3048 1981 3126 pon-tifi-

299 3147 393 3189 oes
421 3132 704 3189 maximos
730 3138 789 3189 te
818 3132 1012 3191 audire
1040 3131 1215 3203 dicae,
1237 3148 1357 3189 non
1390 3149 1522 3189 eum
1557 3129 1657 3208 qui
1688 3128 1980 3186 sustulerit

288 3230 532 3269 omnem
554 3212 820 3270 funditus
845 3208 1199 3289 religionem,
1222 3230 1327 3269 nec
1354 3210 1637 3281 mambae,
1650 3218 1721 3283 ut
1742 3210 1979 3279 Xerxe5‚
