2199 3546
203 145 301 194 108
651 144 750 194 DE
783 142 1086 194 NATURA
1118 142 1440 194 DEORUM.

200 242 394 292 minum
430 241 698 305 perniciem
733 243 970 303 converti,
1003 257 1323 306 summosque
1355 241 1581 290 homines
1614 250 1665 290 et
1698 241 1894 291 virtutis

201 307 568 358 amantissimos
590 307 849 371 plerosque
873 308 1008 356 mala
1029 307 1231 356 fortuna
1254 323 1367 356 usos
1384 321 1507 356 esse.

283 401 328 460 Ῑ.
384 408 436 460 1.
480 401 642 470 Quae
696 421 829 458 cum
883 401 1103 459 Balbus
1158 401 1412 472 dixisset,
1444 409 1571 458 tum
1627 401 1894 460 adridens

203 482 411 541 Cotta:
455 481 614 554 Ser0,
643 481 853 558 inquit,
883 481 1046 552 mihi,
1077 481 1277 552 Balbe,
1308 481 1591 558 praecipis
1626 481 1766 559 quid
1800 482 1895 539 de-

203 561 456 620 fendam.
540 561 668 639 Ego
698 561 852 619 enim
881 569 941 619 te
975 561 1308 638 disputante
1342 561 1483 638 quid
1518 568 1719 619 contra
1746 561 1895 620 dice-

201 660 323 700 rem
351 659 582 706 mecum
607 642 732 719 ipse
757 641 1094 712 meditabar,
1116 660 1303 720 neque
1328 648 1449 698 tam
1478 641 1779 700 refellendi
1805 643 1895 701 tui

203 741 372 779 causa
405 741 577 799 quam
605 741 687 792 ea,
713 741 858 799 quae
884 723 1077 778 minus
1104 720 1525 813 intellegebam,
1548 713 1890 798 requirendi.

202 800 354 859 Cum
387 809 582 860 autem
609 821 713 859 suo
747 802 955 894 cuique
982 800 1198 858 iudicio
1233 801 1310 859 sit
1336 801 1637 872 utendum,
1664 800 1895 860 difficile

202 881 364 940 factu
397 888 484 939 est
517 901 610 939 me
643 881 706 938 id
740 882 965 954 sentire,
983 881 1149 966 quod
1176 888 1240 939 tu
1275 881 1429 939 velis,
1516 887 1570 938 2.
1615 881 1731 938 Hic
1760 881 1895 939 Vel-

202 960 378 1019 leius:
422 960 480 1018 N
482 981 640 1032 esciS,
659 962 867 1038 inquit,
889 971 1105 1040 quanta
1131 981 1264 1018 cum
1292 961 1734 1040 exspectatione,
1754 960 1892 1018 Cot-

202 1048 278 1113 ta‚
303 1042 413 1098 sim
447 1047 506 1098 te
539 1039 853 1100 auditurus,
941 1040 1233 1099 Iucundus
1274 1041 1429 1098 enim
1464 1040 1649 1098 Balbo
1692 1048 1893 1098 nostro

201 1140 390 1178 sermo
423 1127 559 1178 tuus
591 1128 792 1179 contra
816 1120 1133 1198 Epicurum
1156 1121 1297 1179 fuit.
1383 1120 1681 1179 Praebebo
1714 1119 1895 1197 igitur

200 1219 295 1258 me
322 1200 433 1259 tibi
459 1201 710 1258 vicissim
739 1208 1026 1267 attentum
1059 1207 1261 1260 contra
1286 1200 1517 1260 Stoicos
1548 1200 1890 1260 auditorem.

202 1279 384 1357 Spero
425 1281 581 1352 enim
622 1287 698 1351 te,
728 1287 796 1339 ut
829 1281 992 1352 soles,
1023 1280 1169 1338 bene
1211 1289 1476 1358 paratum
1517 1279 1728 1338 venire.
1836 1287 1890 1339 3.

200 1357 352 1418 Tum
401 1347 614 1418 Cotta:
657 1325 757 1418 S'ic
790 1360 1131 1432 mehercule,
1161 1361 1369 1438 inquit,
1400 1359 1603 1419 Vellei.
1688 1357 1895 1438 Neque

160 1447 166 1449 ’
201 1441 356 1497 enim
389 1440 538 1497 mihi
565 1459 670 1517 par
701 1441 847 1498 ratio
889 1459 1022 1497 cum
1055 1440 1280 1499 Lucilio
1313 1448 1401 1498 est
1432 1461 1497 1498 ac
1529 1447 1721 1498 tecum
1757 1441 1893 1498 fuit

202 1519 330 1588 Qui
363 1520 638 1592 tandem?
683 1519 876 1598 inquit
916 1520 1026 1578 ille.
1108 1520 1265 1590 Quia
1303 1521 1449 1578 mihi
1492 1519 1720 1578 videtur
1759 1521 1895 1598 Epi-

203 1619 371 1658 curus
408 1607 597 1674 vester
629 1600 700 1657 de
735 1600 825 1658 dis
856 1600 1281 1658 immortalibus
1312 1620 1431 1658 non
1464 1619 1678 1678 magno
1720 1613 1893 1678 opere

201 1698 490 1758 pugnare:
532 1685 762 1738 tantum
791 1679 970 1736 modo
996 1699 1205 1757 negare
1234 1681 1374 1738 deos
1400 1700 1522 1738 esse
1550 1699 1669 1737 non
1696 1681 1891 1752 audet,

201 1780 274 1819 ne
324 1759 464 1839 quid
496 1759 750 1819 invidiae
796 1759 998 1818 subeat
1043 1767 1147 1819 aut
1194 1760 1487 1820 criminis..
1556 1760 1709 1819 Cum
1756 1781 1893 1819 vero

201 1839 345 1898 deos
373 1840 518 1897 nihil
554 1860 739 1917 agere,
762 1840 906 1897 nihil
941 1859 1137 1899 curare
1170 1840 1471 1899 confirmat
1502 1841 1892 1919 membrisque

199 1920 469 1977 humanis
498 1940 618 1978 esse
641 1920 947 1997 praeditOS,
968 1920 1068 1977 sed
1091 1940 1290 1978 eorum
1310 1920 1701 1979 membrorum
1722 1940 1889 1993 nsum

199 1998 410 2059 habere
437 2000 678 2072 nullum,
702 2000 896 2059 ludere
926 2000 1153 2059 videtur
1180 2002 1429 2079 satisque
1458 2009 1676 2078 putare,
1698 2002 1745 2058 si
1768 2000 1890 2058 dix-

201 2082 311 2146 erit
357 2100 478 2139 esse
530 2082 838 2159 quamdam
887 2080 1113 2149 beatam
1160 2087 1427 2147 naturam
1477 2089 1534 2139 et
1582 2088 1887 2139 aeternam.

203 2165 268 2219 4.·
300 2160 360 2219 A
389 2161 591 2219 Balbo-
611 2168 806 2219 autem
839 2161 1518 2233 animadvertisticredo,
1543 2180 1711 2238 quam
1746 2160 1893 2217 mul.-

201 2247 263 2298 ta
301 2241 460 2299 diota
498 2242 616 2299 sint
654 2258 960 2318 quamque,
993 2240 1169 2298 etiam
1202 2242 1251 2298 si
1284 2242 1477 2298 minus
1518 2260 1664 2312 vera,
1694 2247 1889 2298 tamen·

201 2327 336 2398 apta
362 2318 514 2378 inter
540 2338 600 2377 se
628 2329 686 2377 et
714 2320 1115 2378 cohaerentia..
1178 2320 1381 2399 Itaque
1416 2321 1627 2397 cogite,
1651 2328 1717 2377 ut
1750 2320 1887 2391 dixi,

203 2420 319 2457 non
352 2406 473 2457 tam
501 2400 758 2458 refellere
791 2400 913 2458 eius
947 2401 1265 2458 orationem
1302 2420 1473 2477 quam
1508 2420 1590 2470 ea,
1616 2420 1759 2477 quae
1786 2402 1891 2457 mi-

202 2480 310 2537 fms
342 2478 614 2550 intellexi,
644 2480 944 2557 requirere.
1017 2480 1161 2549 Qua
1193 2500 1267 2550 re,
1292 2480 1493 2551 Balbe,
1516 2480 1624 2537 tibi
1656 2481 1889 2557 permit-

201 2567 264 2618 to
305 2559 723 2637 responderene
755 2560 901 2618 mihi
935 2560 1101 2619 malis
1135 2561 1207 2618 de
1241 2560 1481 2637 singulis
1515 2560 1683 2617 rebus
1725 2574 1890 2637 quac*

199 2640 352 2697 renti
383 2658 454 2697 ex
473 2644 549 2697 ''te
580 2658 662 2711 ea,
689 2658 832 2717 quae
865 2660 1066 2718 parum
1103 2641 1313 2719 accepi,
1339 2660 1409 2697 an
1441 2641 1758 2697 universam
1796 2658 1889 2697 au-

201 2720 325 2777 dire
367 2720 688 2777 orationem
721 2739 926 2777 meam.
1011 2720 1163 2777 Tum
1196 2720 1451 2777 Balbus,
1438 2739 1451 2751 ·
1496 2720 1623 2789 Εσο
1660 2740 1808 2792 vero,
1840 2720 1887 2778 si

203 2798 344 2875 quid
377 2799 668 2875 explanari
700 2798 810 2855 tibi
851 2799 1022 2871 voleS,
1054 2801 1399 2876 respondere
1433 2801 1620 2857 malo:
1664 2802 1753 2857 sin
1796 2821 1888 2858 me

202 2878 554 2955 interrogare
590 2898 708 2935 non
741 2886 864 2936 tam
896 2879 1267 2955 intellegendi
1303 2899 1471 2937 eausa
1512 2900 1685 2957 quam
1728 2880 1890 2937 refel-

200 2956 375 3030 lendi,
399 2966 596 3015 utrum
629 2956 786 3013 voles
813 2958 1039 3029 faciam,
1059 2959 1148 3015 vel
1178 2958 1251 3015 ad
1272 2958 1511 3051 singula,
1534 2979 1679 3037 quae
1708 2960 1889 3051 requi-

201 3054 306 3107 reS,
332 3036 528 3093 statim
563 3035 922 3111 respondebo
954 3002 1060 3106 vel,
1086 3054 1217 3093 cum
1246 3040 1542 3114 perorariS,
1568 3040 1641 3096 ad
1675 3040 1883 3097 omnia.

204 3120 256 3171 5.
301 3114 452 3172 Tum
488 3115 695 3172 Cotta.
747 3113 999 3191 Optime,
1032 3116 1237 3193 inquit
1322 3116 1504 3186 Quam
1544 3118 1618 3175 ob
1651 3137 1770 3174 rem
1806 3119 1887 3175 sic

201 3208 455 3269 agamus,
485 3202 554 3253 ut
605 3212 712 3253 nos
757 3195 884 3270 ipsa
938 3194 1099 3253 ducit
1154 3196 1353 3254 oratio,
1452 3198 1529 3255 IL
1590 3197 1707 3255 Sed
1754 3208 1890 3255 ante
