2199 3546
581 139 722 189 mn.
753 139 820 202 1.,
845 137 1004 190 cAP.
1030 137 1501 200 xxx-xxxa,
1530 137 1558 198 ς
1594 141 1771 188 85-91.
1954 141 2023 188 33

330 258 486 299 esses
513 259 618 298 nec
645 259 921 317 umquam
951 259 1210 318 egressus
1238 259 1307 298 ex
1328 239 1530 311 insula,
1552 240 1609 296 in
1635 259 1747 316 qua
1770 238 2024 316 lepuscu-

330 319 421 378 los
449 319 890 398 vulpeculasque
919 339 1086 398 saepe
1118 321 1369 392 vidisseS,
1394 339 1512 377 non
1547 320 1803 377 crederes
1830 319 2023 377 leones

330 406 392 458 et
424 399 732 477 pantheras
773 419 912 471 esse,
944 419 1078 458 cum
1112 400 1220 457 tibi
1258 400 1452 478 quales
1485 407 1673 457 essent
1707 400 2023 458 diceretur?

331 480 382 538 si
410 499 546 538 vero
575 480 648 538 de
675 479 983 556 elephanto
1019 480 1147 556 quis
1176 480 1408 552 diceret,
1432 480 1606 537 etiam
1637 480 1807 537 rideri
1836 488 1894 537 te
1923 500 2024 558 pu-

331 566 498 618 tates.
542 559 620 617 Et
640 566 705 617 tu
735 559 986 634 quidem,
1002 559 1209 632 Vellei,
1228 579 1348 617 non
1371 567 1559 616 vestro
1588 579 1763 630 more,
1785 561 1885 618 sed
1907 561 2025 617 dia-

332 639 684 710 lecticorum,
702 659 793 716 qu:
783 659 845 695 ιΛ
867 639 1135 696 funditus
1155 658 1299 715 gens
1320 646 1507 697 vestra
1526 659 1643 697 non
1668 641 1877 711 novit,
1862 659 2025 717 argu·

331 725 531 777 menta
557 720 873 777 sentent-iac
902 718 1267 777 conclusisti.
1305 719 1505 777 beatos
1526 738 1646 777 esse
1668 720 1807 777 deos
1836 740 2024 798 sump-

332 799 474 857 sisti.
560 798 962 856 Concedimus.
1046 797 1297 857 Beatum
1326 806 1519 857 autem
1549 800 1672 858 sine
1695 800 1903 858 virtute
1930 820 2025 858 ne-

331 879 549 936 minem
581 897 702 936 esse
730 897 914 955 posse.

413 958 676 1016 XXXII.
736 965 828 1016 89.
860 958 931 1015 Id
949 977 1179 1036 quoque
1198 958 1417 1031 damus,
1435 966 1493 1016 et
1511 958 1755 1017 libenter
1772 959 2020 1037 quidem.

332 1039 630 1098 Virtutem
679 1045 874 1096 autem
923 1039 1046 1098 sine
1093 1037 1317 1096 ratione
1366 1045 1627 1097 constare
1673 1058 1792 1097 non
1836 1059 2020 1116 posse.

332 1118 655 1176 Conveniat
683 1118 745 1175 id
779 1137 1009 1196 quoque
1041 1137 1271 1177 necesse
1306 1125 1407 1177 est.
1472 1118 1778 1196 Adiungis,
1803 1139 1907 1177 nec
1941 1139 2025 1177 ra-

333 1199 554 1256 tionem
587 1217 708 1256 esse
742 1199 856 1256 nisi
887 1198 948 1256 in
984 1198 1241 1256 hominis
1268 1198 1466 1276 figura.
1552 1198 1736 1268 Quem
1770 1199 1877 1257 tibi
1911 1199 2024 1257 hoc

332 1279 598 1336 daturum
623 1275 830 1355 putas?
913 1277 976 1336 Si
1005 1279 1161 1336 enim
1190 1279 1274 1336 ita
1300 1287 1464 1350 esset,
1488 1279 1627 1356 quid
1648 1299 1795 1356 opus
1822 1287 1943 1336 erat
1964 1287 2023 1336 te

331 1358 614 1436 gradatim
645 1359 791 1416 istuc
819 1359 1154 1435 pervenire?
1188 1360 1527 1436 sumpsisses
1554 1365 1657 1416 tuo
1685 1361 1821 1416 iure.
1868 1358 2025 1428 Quid

333 1445 525 1496 autem
569 1445 656 1496 est
691 1439 838 1496 istuc
871 1439 1159 1531 gradatim
1179 1439 1215 1496 ²1
1268 1439 1416 1496 Nam
1452 1458 1487 1496 a
1519 1432 1701 1496 beatis
1742 1439 1816 1496 ad
1851 1439 2025 1496 virtu-

332 1526 469 1589 tem,
494 1538 528 1574 a
554 1519 767 1576 virtute
795 1518 870 1575 ad
898 1518 1183 1576 rationem
1206 1517 1373 1575 video
1402 1525 1461 1576 te
1485 1519 1703 1576 venisse
1730 1519 2021 1595 gradibus,

331 1598 390 1655 A
423 1599 642 1656 ratione
676 1598 751 1655 ad
780 1598 1092 1656 humanam
1123 1597 1365 1675 figuram
1401 1618 1516 1676 quo
1549 1599 1726 1656 modo
1761 1599 2023 1657 accedis?

332 1678 718 1755 Praecipitare
752 1678 901 1736 istuc
935 1678 1169 1756 quidem
1207 1685 1309 1749 est,
1335 1698 1452 1735 non
1482 1679 1839 1736 descendere.
1925 1685 2019 1736 90.

332 1757 454 1817 Nec
483 1778 616 1816 vero
645 1757 920 1836 intellego
950 1778 1052 1817 cur
1077 1758 1344 1817 maluerit
1365 1759 1645 1836 Epicurus
1674 1759 1813 1818 deos
1840 1759 2025 1817 homi-

329 1858 470 1896 num
502 1838 716 1897 similes
744 1839 932 1897 dicere
961 1858 1133 1917 quam
1162 1839 1427 1896 homines
1454 1839 1709 1896 deorum.
1776 1838 2024 1908 Quaeres

333 1919 474 1996 quid
507 1919 748 1977 intersit.
835 1918 897 1976 Si
931 1920 1084 1977 enim
1121 1919 1232 1977 hoc
1267 1919 1350 1976 illi
1384 1918 1570 1976 simile
1603 1920 1695 1990 sit,
1726 1939 1847 1977 esse
1880 1919 2024 1977 illud

331 1998 485 2055 huic.
555 1998 764 2057 Video.
843 1998 958 2056 Sed
986 1999 1097 2057 hoc
1127 1999 1275 2070 dico,
1300 2018 1419 2056 non
1448 1999 1519 2057 ab
1547 1998 1881 2057 hominibus
1908 2000 2025 2056 for-

333 2097 463 2135 mae
497 2076 740 2154 figuram
769 2078 988 2137 venisse
1029 2080 1105 2137 ad
1146 2079 1318 2137 deos:
1354 2079 1415 2136 di
1449 2079 1603 2137 enim
1647 2097 1871 2157 semper
1903 2080 2025 2137 fue-

332 2164 486 2229 runt,
511 2158 634 2215 nati
664 2177 977 2236 numquam
1006 2165 1157 2230 sunt,
1183 2159 1231 2216 si
1261 2158 1495 2237 quidem
1529 2159 1745 2216 aeterni
1774 2167 1909 2217 sunt
1935 2160 2025 2216 fu-

331 2238 481 2297 turi:
525 2245 586 2295 at
623 2237 888 2297 homines
929 2240 1085 2297 nati:
1129 2246 1263 2296 ante
1303 2239 1485 2315 igitur
1524 2238 1776 2297 humana
1814 2240 2020 2311 forma,

331 2338 506 2396 quam
544 2317 825 2393 homines,
856 2338 938 2390 ea,
972 2338 1086 2397 qua
1119 2325 1279 2377 erant
1319 2320 1511 2376 forma
1549 2318 1609 2376 di
1651 2320 2019 2377 immortales

329 2398 466 2456 Non
510 2416 648 2475 ergo
682 2398 910 2457 illorum
943 2400 1197 2457 humana
1222 2398 1427 2470 forma,
1460 2399 1561 2457 sed
1593 2406 1791 2457 nostra
1829 2399 2025 2457 divina

331 2478 576 2536 dicenda
617 2485 718 2535 est.
803 2478 1022 2536 Verum
1059 2478 1172 2535 hoc
1215 2479 1466 2556 quidem,
1498 2487 1564 2536 ut
1596 2479 1835 2537 voletis:
1881 2478 2021 2535 illud

333 2578 562 2635 quaem,
589 2577 733 2635 quae
767 2558 945 2616 fuerit
977 2565 1141 2616 tanta
1166 2558 1625 2616 fortuna—nihil
1664 2559 1818 2616 enim
1854 2559 2024 2615 ratio-

331 2657 404 2695 ne
438 2638 498 2694 in
540 2656 730 2695 rerum
773 2645 978 2696 natura
1009 2639 1231 2696 factum
1274 2658 1396 2696 esse
1429 2638 1786 2696 vultis—sed
1827 2646 2019 2695 tamen

332 2718 462 2795 quis
491 2717 600 2775 iste
621 2724 816 2775 tantus
844 2720 1043 2776 casus?
1099 2723 1193 2775 91.
1232 2718 1385 2775 unde
1403 2724 1521 2774 tam
1545 2718 1685 2775 felix
1714 2737 2023 2775 concursus

332 2806 676 2867 atomorum,
698 2804 763 2855 ut
790 2805 1025 2874 repente
1052 2797 1319 2855 homines
1348 2797 1582 2854 deorum
1614 2798 1803 2855 forma
1835 2815 2024 2853 nasce-

331 2877 566 2935 rentur?
608 2876 842 2935 Semina
873 2878 1115 2935 deorum
1150 2875 1428 2935 decidisse
1461 2876 1533 2934 de
1566 2877 1723 2934 caelo
1752 2883 2023 2953 putamus

332 2957 392 3014 in
427 2963 606 3014 terras
647 2964 707 3014 et
748 2957 828 3014 sic
868 2956 1135 3015 homines
1175 2963 1403 3033 patrum
1448 2956 1663 3014 similes
1702 2954 2024 3012 exstitisse?

331 3036 557 3095 Vellem
594 3036 893 3094 diceretis:
930 3036 1173 3094 deorum
1216 3035 1621 3110 cognationem
1656 3050 2021 3107 agnoscerem

332 3136 452 3175 non
480 3116 713 3174 invitus,
799 3114 961 3173 Nihil
990 3113 1107 3172 tale
1133 3114 1344 3182 dicitis,
1365 3111 1467 3167 sed
1494 3129 1629 3166 casu
1656 3129 1776 3167 esse
1804 3109 2023 3164 factum

335 3204 400 3255 ut
447 3214 704 3254 essemus
751 3194 966 3252 similes
1015 3193 1271 3250 deorum.
1364 3188 1443 3243 Et
1490 3205 1643 3242 nunc
1690 3189 2025 3256 argumenta
