2199 3546
679 148 937 211 LIB.11.,
966 147 1389 210 cAP.1.-11.‚§
1420 153 1529 200 1-6.
1865 156 1961 204 197

273 255 549 310 tractatus
595 248 893 307 uberrime.
981 248 1133 306 Nam
1182 249 1325 327 quid
1374 269 1482 326 ego
1532 249 1603 308 de
1656 251 1690 278 “
1708 253 1963 310 consola-

274 333 433 390 tione
453 329 488 358 ’²
518 329 744 386 dicam?
787 348 930 405 quae
964 329 1110 386 mihi
1144 329 1378 407 quidem
1406 330 1519 406 ipsi
1548 351 1681 388 sane
1709 331 1961 409 aliquan-

273 419 398 468 tum
427 410 707 480 medetur,
732 409 934 466 ceteris
963 409 1103 466 item
1132 409 1380 467 multum
1411 410 1563 467 illam
1595 411 1959 487 profuturam

273 498 434 567 put0.
520 489 860 546 Interiectus
893 496 979 547 est
1007 488 1182 546 etiam
1216 508 1399 565 nuper
1426 490 1569 548 liber
1594 491 1661 563 is,
1686 510 1855 569 quem
1886 492 1961 550 ad

273 577 537 628 nostrum
564 568 829 626 Atticum
860 568 894 596 “
913 568 985 626 de
1014 574 1306 626 senectute
1324 569 1358 596 ’²
1390 569 1665 628 misimus,
1751 571 1819 628 Iu
1848 573 1960 649 pri-

271 651 514 727 misque,
552 648 823 725 quoniam
857 647 1226 726 philosophia
1265 649 1353 706 vir
1394 648 1581 706 bonus
1620 649 1862 708 efficitur
1903 659 1961 708 et

271 729 460 801 fortis,
504 727 705 785 “Cato
723 727 757 756 '’
803 736 1000 786 noster
1041 729 1104 785 in
1148 729 1353 786 horum
1398 728 1675 788 librorum
1722 748 1961 788 numero

272 809 578 886 ponendus
647 813 749 867 est.
861 813 914 866 4.
975 806 1239 885 Cumque
1296 809 1639 866 Aristoteles
1707 809 1961 887 itemque

272 888 720 967 Theophrastus»,
764 887 1105 946 excellentes
1147 888 1255 945 viri
1300 907 1430 945 eum
1478 888 1793 946 subtilitate
1835 897 1959 947 tum

272 969 457 1046 eopia,
481 987 614 1026 eum
643 966 1011 1046 philosophia
1039 968 1269 1026 dicendi
1298 969 1471 1025 etiam
1502 977 1805 1046 praecepta
1830 988 1963 1027 eon-

272 1048 582 1121 iunxerint,
627 1048 808 1106 nostri
859 1066 1088 1125 quoque
1135 1048 1368 1105 oratorii
1413 1051 1541 1108 libri
1602 1053 1659 1107 iu
1718 1051 1963 1108 eundem

273 1128 552 1186 librorum
609 1147 908 1185 numerum
966 1127 1251 1186 referendi
1306 1122 1587 1185 videntur.
1701 1128 1791 1186 Ita
1847 1137 1963 1186 tres

274 1216 444 1266 erunt
506 1207 632 1265 “de
700 1206 980 1280 oratore,”
1039 1214 1275 1284 quartus
1338 1206 1666 1275 “Brut118‚’'
1726 1209 1962 1286 quintus
2169 1209 2175 1268 l

276 1291 310 1316 “
331 1287 579 1346 orator.”
663 1286 738 1346 II.
777 1286 987 1345 Adhuc
1014 1286 1157 1345 haec
1185 1294 1361 1344 erant.
1420 1286 1518 1344 Ad
1546 1287 1767 1366 reliqua
1792 1288 1962 1346 alacri

274 1367 654 1427 tendebamus
681 1367 874 1426 animo
903 1367 984 1425 sic
1006 1366 1208 1444 parati,
1233 1374 1314 1437 ut,
1340 1367 1449 1423 nisi
1481 1386 1625 1444 quae
1652 1387 1821 1424 causa
1841 1388 1965 1444 gra-

275 1449 400 1506 vior
433 1447 766 1520 obstitisset,
798 1446 1020 1504 nullum
1054 1446 1455 1524 philosophiae
1483 1447 1671 1504 locum
1716 1466 1835 1504 esse
1869 1467 1965 1523 pa-

210 1551 215 1556 ·
276 1536 526 1586 tex-emur
567 1527 668 1605 qui
709 1545 826 1584 non
868 1526 1089 1585 Latinis
1122 1526 1329 1584 litteris
1367 1526 1683 1584 illustratus
1724 1534 1960 1604 pateret.

276 1609 450 1678 Quod
482 1607 633 1665 enim
681 1625 893 1664 munus
935 1607 1017 1664 rei
1050 1605 1314 1684 publicae
1355 1606 1579 1664 adferre
1622 1607 1808 1664 maius
1850 1625 1965 1664 me-

276 1689 456 1747 liusve
497 1705 804 1765 possumus
846 1706 1015 1765 quam
1061 1687 1107 1742 si
1143 1686 1417 1744 docemus
1458 1692 1629 1764 atque
1672 1687 1965 1744 erudimus

278 1768 674 1828 iuventutem?
714 1767 802 1825 his
836 1766 1167 1843 praesertim
1204 1765 1463 1825 moribus
1494 1773 1667 1844 atque
1694 1767 1965 1843 tempori-

277 1850 402 1921 buS‚
435 1848 643 1926 quibus
683 1848 768 1904 ita
797 1847 1064 1925 prolapsa
1095 1854 1199 1917 est,
1231 1854 1297 1904 ut
1338 1848 1598 1903 omnium
1642 1846 1851 1923 opibus
1883 1866 1967 1904 re-

276 1929 558 1995 frenanda
590 1936 762 2005 atque
791 1927 1111 1985 coercenda
1138 1926 1229 1985 sit.
1317 1932 1369 1983 5.
1414 1926 1472 1983 N
1474 1945 1537 1983 ec
1565 1946 1699 1983 vero
1730 1926 1791 1982 id
1818 1925 1963 1983 effici

277 2029 444 2087 posse
477 2007 722 2079 confid0,
756 2007 912 2086 quod
945 2025 1018 2065 ne
1051 2005 1462 2083 postulandum
1500 2005 1729 2081 quidem
1766 2013 1869 2076 est,
1900 2014 1965 2063 ut

279 2108 479 2146 omnes
522 2088 912 2146 adulescentes
961 2106 1020 2144 se
1067 2086 1143 2144 ad
1189 2086 1328 2143 haee
1376 2085 1568 2143 studia
1611 2093 1962 2143 convertant.

280 2169 458 2227 Pauci
491 2168 748 2227 utinam!
793 2185 1038 2244 quorum
1066 2173 1259 2225 tamen
1291 2166 1351 2222 in
1385 2184 1445 2223 re
1474 2164 1705 2241 publica
1731 2164 1843 2223 late
1871 2185 1967 2243 pa-

280 2256 399 2307 tere
433 2249 646 2326 poterit
679 2247 975 2305 industria.
1061 2244 1345 2323 Equidem
1382 2264 1451 2303 ex
1488 2245 1577 2302 his
1610 2246 1781 2304 etiam
1817 2248 1967 2304 fruc-

280 2338 404 2387 tum
451 2329 616 2405 capio
657 2327 868 2385 laboris
909 2326 1040 2397 mei,
1083 2326 1184 2403 qui
1228 2326 1341 2383 iam
1389 2332 1573 2383 aetate
1602 2327 1859 2404 provecti
1904 2328 1963 2383 in

280 2409 491 2466 nostris
536 2408 696 2465 libris
739 2407 1143 2484 acquiescunt:
1201 2424 1441 2483 quorum
1494 2406 1687 2465 studio
1738 2406 1966 2482 legendi

281 2508 470 2546 meum
503 2487 788 2545 scribendi
819 2487 1074 2544 studium
1106 2484 1500 2543 vehementius
1528 2486 1585 2542 in
1618 2486 1741 2543 dies
1768 2487 1966 2542 incita-

281 2576 406 2626 tur:
451 2586 595 2645 quos
638 2568 870 2644 quidem
905 2566 1096 2642 plures
1132 2584 1301 2642 quam
1346 2565 1508 2623 rebar
1540 2585 1659 2623 esse
1702 2564 1963 2640 cognovi.

281 2647 652 2725 Magnificum
681 2646 826 2703 illud
860 2647 1030 2703 etiam
1063 2645 1455 2721 Romanisque
1484 2644 1815 2702 hominibus
1848 2643 1968 2719 glo-

283 2729 513 2799 riosum,
539 2734 605 2783 ut
625 2726 858 2803 Graecis
879 2726 952 2783 de
973 2724 1341 2802 philosophia
1362 2725 1567 2783 litteris
1596 2744 1712 2781 non
1744 2731 1963 2797 egeant.

283 2814 336 2865 6.
382 2806 553 2876 Quod
601 2806 880 2883 adsequar
922 2805 1203 2882 profectO,
1248 2804 1296 2861 si
1344 2805 1609 2862 instituta
1657 2803 1963 2879 perfecero,

281 2887 372 2945 Ac
416 2887 562 2944 mihi
604 2886 835 2963 quidem
883 2884 1251 2961 explicandae
1296 2884 1695 2960 philosophiae
1740 2900 1968 2937 eausam

283 2967 480 3025 attulit
511 2985 674 3023 casus
706 2964 898 3042 gravis
939 2964 1206 3034 civitatiS,
1238 2982 1367 3020 cum
1403 2964 1463 3019 in
1499 2963 1672 3019 armis
1706 2958 1969 3027 civilibus

284 3066 388 3104 nec
429 3047 578 3104 tueri
623 3064 753 3102 meo
794 3063 954 3101 more
994 3063 1114 3101 rem
1150 3042 1434 3119 publicam
1480 3060 1585 3099 nec
1627 3039 1770 3096 nihil
1804 3058 1968 3114 agere

285 3135 544 3204 poteram
579 3144 684 3181 nec
720 3123 860 3201 quid
894 3123 1088 3199 potius
1124 3122 1279 3199 quod
1316 3122 1547 3198 quidem
1592 3138 1685 3177 me
1728 3118 1965 3193 dignum

285 3213 430 3263 esset
462 3224 686 3274 asserem
724 3202 1089 3277 reperiebam.
1176 3200 1417 3257 Dabunt
1443 3199 1623 3273 igitur
1648 3198 1790 3253 mihi
1820 3198 1969 3254 veni-

441 3290 500 3331 16
