2199 3546
647 170 784 221 LIB.
805 170 900 232 11.‚
923 170 1079 220 cAP.
1102 170 1358 233 1V.-V1.‚
1380 169 1411 231 ᾖ
1439 174 1619 222 11-17.
1885 172 1979 221 201

289 272 642 350 praesentire
687 272 1008 349 signis-—in
1057 291 1174 349 quo
1218 278 1417 329 nostra
1457 272 1737 350 quaedam
1768 270 1984 330 Aratea

293 353 624 410 memoriter
652 372 686 409 a
714 360 772 409 te
800 352 1173 429 pronuntiata
1200 354 1521 410 sunt—etsi
1550 352 1689 410 haee
1716 353 1843 429 ipsa
1868 353 1984 409 for-

293 434 442 489 tuita
483 440 649 489 sunt:
693 432 1030 509 plerumque
1071 432 1243 503 enim,
1274 452 1391 489 non
1435 452 1659 509 semper
1692 433 1979 490 eveniunt.

293 512 454 581 Quae
489 520 576 569 est
609 512 787 589 igitur
827 520 928 569 aut
961 511 1062 569 ubi
1093 519 1349 569 versatur
1380 513 1749 570 fortuitarum
1792 532 1981 569 rerum

293 592 638 670 praesensiO,
677 611 847 669 quam
891 591 1305 649 divinationem
1340 593 1546 649 vocas?
1626 591 1785 660 Quae
1828 594 1981 649 enim

293 672 634 750 praesentiri
673 678 776 729 aut
807 679 929 729 arte
970 678 1072 729 aut
1104 672 1325 729 ratione
1358 680 1459 729 aut
1491 691 1598 728 usu
1632 678 1732 729 aut
1764 673 1983 729 coniec-

293 760 425 809 tura
450 758 709 829 possunt,
734 770 802 809 ea
827 770 946 808 non
975 751 1186 809 divinis
1218 751 1524 809 tribuenda
1551 757 1735 828 putaS,
1760 752 1860 809 sed
1888 771 1983 828 pe-

295 832 436 889 ritis.
521 830 612 889 Ita
638 831 982 909 relinquitur
1007 838 1074 889 ut
1102 850 1169 889 ea
1195 832 1439 889 fortuita
1466 832 1710 889 divinari
1738 832 1979 908 possint,

297 932 442 989 quae
476 912 633 969 nulla
663 930 768 970 nec
802 919 922 969 arte
955 931 1060 969 nec
1094 912 1377 987 sapientia
1402 911 1692 989 provideri
1720 918 1980 989 possunt,

296 999 380 1064 ut,
413 992 462 1049 si
505 992 634 1069 quis
666 991 744 1050 M.
776 991 1110 1049 Marcellum
1144 991 1323 1062 illum,
1356 992 1457 1069 qui
1488 999 1577 1049 ter
1617 992 1813 1049 consul
1847 992 1979 1063 fuit,

295 1072 496 1129 multis
527 1072 694 1129 annis
725 1078 860 1130 ante
893 1072 1133 1129 dixisset
1159 1072 1462 1149 naufragio
1496 1090 1615 1131 esse
1644 1072 1979 1149 periturum,

297 1153 608 1209 divinasset
633 1152 915 1230 profecto·
1001 1151 1177 1209 Nulla
1203 1152 1357 1209 enim
1391 1159 1510 1209 arte
1539 1152 1650 1209 alia
1675 1153 1738 1210 id
1767 1172 1871 1210 nee
1902 1172 1985 1209 sa-

295 1232 516 1309 pientia
543 1233 683 1289 seire
711 1232 1011 1309 potuisset.
1095 1231 1323 1289 Talium
1352 1251 1489 1309 ergo
1518 1252 1722 1303 rerum,
1749 1252 1894 1310 quae
1921 1234 1982 1289 in

296 1314 532 1369 fortuna
562 1312 784 1389 positae
827 1320 976 1383 sunt,
1007 1312 1333 1389 praesensio
1366 1312 1645 1369 divinatio
1688 1318 1788 1371 est.
1874 1311 1979 1370 VI.

301 1398 392 1449 15.
437 1392 713 1450 Potestne
740 1392 920 1469 igitur
951 1411 1147 1449 earum
1180 1410 1385 1462 rerum,
1418 1411 1563 1469 quae
1596 1392 1740 1449 nihil
1769 1392 1986 1451 habent

297 1472 535 1530 rationis
585 1492 698 1550 qua
740 1492 799 1530 re
847 1472 1077 1529 futurae
1126 1471 1257 1541 sint,
1294 1490 1415 1528 esse
1464 1470 1580 1527 ulla
1622 1472 1985 1548 praesensio?

298 1552 455 1621 Quid
487 1559 576 1609 est
607 1553 762 1609 enim
805 1552 962 1609 aliud
993 1552 1132 1622 ἔοι-5,
1171 1550 1311 1628 quid
1343 1551 1595 1621 fortuna,
1628 1551 1768 1628 quid
1803 1571 1980 1622 casus,

299 1631 440 1709 quid
473 1638 710 1689 eventus
741 1632 854 1689 nisi
886 1651 1017 1689 oum
1053 1632 1134 1689 sic
1168 1631 1387 1708 aliquid
1414 1632 1638 1702 cecidit,
1664 1632 1745 1688 sie
1774 1632 1981 1702 evenit,

298 1720 366 1769 ut
398 1712 483 1769 vel
515 1732 631 1769 non
661 1712 862 1771 eadere
895 1719 1067 1790 atque
1102 1712 1327 1769 evenire
1356 1711 1445 1769 vel
1474 1712 1637 1769 aliter
1670 1711 1871 1769 cadere
1904 1719 1987 1769 at-

301 1812 410 1870 que
444 1794 666 1850 evenire
699 1793 990 1870 potuerit?
1039 1791 1201 1861 -Quo
1236 1792 1411 1850 modo
1446 1811 1583 1869 ergo
1611 1791 1689 1864 id,
1716 1793 1872 1870 quod
1905 1799 1987 1850 te-

258 1937 270 1942 ,
297 1892 453 1930 mere
480 1873 547 1930 fit
573 1891 742 1930 caeco
776 1891 910 1930 casu
943 1879 1002 1930 et
1029 1872 1389 1930 volubilitate
1418 1872 1703 1944 fortunae,
1727 1891 1987 1949 praesen-

298 1953 396 2010 tiri
445 1960 503 2010 et
543 1953 796 2029 praedici
837 1953 1066 2029 potest?
1154 1957 1244 2008 16.
1291 1951 1551 2009 Medicus
1594 1953 1861 2010 morbum
1903 1953 1987 2009 in-

298 2041 724 2110 gravescentem
773 2033 996 2090 ratione
1043 2032 1327 2110 providet,
1368 2032 1606 2089 insidias
1655 2033 1981 2109 imperator,

298 2119 670 2190 tempestates
709 2113 1074 2190 gubernator,
1107 2118 1164 2170 et
1197 2119 1391 2170 tamen
1434 2111 1495 2169 hi
1529 2113 1642 2189 ipsi
1684 2131 1851 2190 saepe
1884 2112 1988 2169 fal-

299 2193 510 2264 luntur,
537 2193 635 2270 qui
657 2193 801 2250 nihil
825 2193 945 2249 sine
974 2201 1129 2250 certa
1155 2192 1375 2249 ratione
1405 2193 1731 2269 opinantur,
1756 2200 1822 2250 ut
1842 2192 1986 2270 agri-

299 2273 441 2344 cola,
474 2293 606 2330 eum
639 2272 839 2330 florem
874 2272 1030 2330 oleae
1058 2272 1233 2343 videt,
1258 2271 1458 2330 bacam
1490 2293 1719 2351 quoque
1753 2293 1813 2332 se
1839 2274 1989 2330 visu-

299 2373 426 2410 rum
473 2359 656 2430 putat,
693 2371 807 2409 non
855 2351 977 2409 sine
1021 2353 1243 2409 ratione
1288 2352 1383 2410 ille
1429 2354 1680 2430 quidem,
1722 2353 1821 2412 sed
1868 2372 1985 2410 non

299 2451 612 2510 numquam
649 2439 844 2489 tamen
876 2431 1111 2490 fallitur.
1198 2431 1370 2500 Quod
1404 2435 1452 2490 si
1485 2433 1764 2491 falluntur
1797 2434 1855 2505 ii,
1889 2433 1987 2510 qni

299 2513 444 2570 nihil
479 2511 602 2569 sine
643 2512 834 2589 aliqua
864 2511 1150 2589 probabili
1186 2513 1514 2571 coniectura
1545 2533 1610 2570 ac
1651 2514 1873 2570 ratione
1906 2513 1990 2569 di-

298 2600 454 2664 cunt,
494 2591 635 2670 quid
675 2591 1123 2650 existimandum
1164 2600 1252 2650 est
1285 2593 1357 2650 de
1402 2593 1729 2650 coniectura
1769 2611 1985 2661 eorum,

301 2674 400 2752 qui
427 2674 576 2730 extis
603 2679 704 2730 aut
731 2671 930 2729 avibus
958 2679 1058 2729 aut
1087 2673 1328 2730 ostentis
1356 2680 1457 2730 aut
1485 2672 1686 2730 oraclis
1714 2679 1815 2728 aut
1842 2691 1991 2726 som-

299 2755 412 2810 niis
440 2754 638 2811 futura
663 2752 1093 2830 praesentiunt?
1174 2751 1453 2809 Nondum
1488 2752 1618 2809 dieo
1649 2771 1821 2829 quain
1849 2750 1989 2807 haee

299 2834 466 2910 signa
497 2832 656 2890 nulla
687 2833 818 2904 sint,
849 2832 1048 2890 fissum
1081 2832 1302 2903 iecoriS,
1334 2832 1490 2890 corvi
1524 2839 1741 2902 cantuS‚
1768 2830 1989 2888 volatus

299 2913 540 2991 aquilae,
593 2913 788 2971 stellae
842 2913 1121 2984 traiecti0‚
1172 2932 1341 2970 voees
1395 2913 1729 2981 furentium,
1790 2917 1986 2981 sorteS,

300 2994 558 3050 somnia:
603 2993 675 3051 de
705 2992 912 3070 quibus
940 2993 1183 3070 singulis
1210 2993 1399 3051 dicam
1433 3011 1537 3048 suo
1566 2992 1711 3062 loco,
1736 3010 1888 3048 nunc
1917 2991 1989 3048 de

298 3074 594 3132 universis,
682 3074 774 3131 17.
812 3072 921 3142 Qui
954 3081 1147 3150 potest
1174 3072 1463 3149 provideri
1495 3073 1799 3148 quicquam
1835 3073 1991 3130 futu-

299 3173 426 3211 rum
463 3173 584 3212 esse
614 3153 770 3231 quod
798 3173 982 3231 neque
1017 3172 1245 3210 eausam
1274 3152 1448 3209 habet
1477 3151 1650 3208 ullam
1680 3170 1863 3228 neque
1891 3170 1990 3206 no-

297 3241 420 3292 tam
471 3253 573 3291 eur
617 3235 879 3292 futurum
929 3233 1040 3291 sitiJ
1123 3233 1273 3290 Solis
1321 3232 1691 3304 defectioneS,
1736 3231 1989 3306 itemque
