2199 3546
207 147 302 197 134
423 178 430 184 .
663 145 765 197 nn
795 111 1097 196 mrim
1130 143 1454 195 DEORUM.

203 254 292 306 tra
311 246 484 306 deum
513 247 647 305 licet
674 247 966 324 disputare
992 246 1242 304 liberius.
1310 245 1381 303 In
1407 245 1711 303 hominum
1733 245 1894 304 vitiis

203 329 286 385 ais
313 347 435 385 esse
464 327 707 406 culpam.
776 327 920 384 Eam
951 325 1206 384 dedisses
1227 324 1559 383 hominibus
1585 325 1889 396 rationem,

203 427 348 484 quae
381 407 520 464 vitia
560 407 901 483 culpamque
939 405 1279 464 excluderet.
1364 404 1487 463 Ubi
1518 405 1698 482 igitur
1728 405 1893 463 locus

199 487 318 544 fuit
344 486 520 544 errori
548 487 824 544 deorum?
905 485 1055 543 Nam
1085 484 1435 562 patrimonia
1466 503 1568 561 spe
1601 484 1746 542 bene
1778 491 1893 542 tra-

201 565 377 624 dendi
398 566 788 643 relinquimus,
807 585 920 642 qua
945 584 1252 642 possumus
1278 564 1437 622 falli:
1472 564 1614 622 deus
1639 563 1764 622 falli
1786 565 1891 641 qui

201 647 433 724 potuit?
513 646 611 703 An
653 652 720 702 ut
760 645 876 715 Sol,
906 647 966 702 in
1009 664 1238 702 currum
1280 663 1413 702 oum
1453 643 1889 702 Phaethontem

200 725 381 782 filium
411 725 658 795 sustulit,
683 732 783 783 aut
811 723 1133 802 NeptuuuS,
1157 743 1289 781 cum
1316 722 1573 781 Theseus
1599 723 1892 801 Hippoly-

200 813 324 862 tum
359 804 630 881 perdidit,
655 825 786 862 cum
820 812 908 862 ter
941 803 1183 881 optandi
1221 822 1255 860 a
1287 803 1563 881 Neptuno
1596 810 1758 880 patre
1790 803 1891 860 ha-

200 884 416 942 buisset
463 885 848 962 potestatem?
929 883 1024 942 77.
1070 883 1385 941 Poetarum
1434 883 1546 940 ista
1593 890 1743 955 sunt,
1779 902 1891 940 nos

199 969 392 1020 autem
419 963 753 1040 philosophi
787 983 908 1022 esse
937 963 1217 1033 volumuS,
1242 981 1432 1020 rerum
1465 970 1743 1034 auctores,
1766 981 1888 1019 non

197 1042 538 1100 fabularum.
624 1044 820 1120 Atque
851 1043 915 1100 hi
948 1051 1143 1101 tamen
1180 1043 1294 1120 ipsi
1325 1042 1387 1100 di
1418 1042 1638 1120 poetici
1670 1042 1719 1099 si
1752 1042 1891 1100 scis-

199 1129 327 1180 sent
358 1122 679 1200 perniciosa
717 1123 843 1180 fore
884 1123 983 1180 illa
1021 1122 1171 1186 filiis,
1200 1140 1463 1200 peccasse
1504 1122 1567 1178 in
1606 1119 1889 1180 beneficio

197 1208 549 1278 putarentur.
634 1202 727 1273 Et,
749 1203 797 1259 si
824 1221 1022 1260 verum
1051 1209 1155 1272 est,
1182 1202 1339 1279 quod
1366 1202 1565 1259 Aristo
1593 1201 1775 1259 Chius
1802 1200 1892 1258 di-

198 1301 324 1338 cere
365 1281 602 1353 solebat,
624 1301 828 1340 nocere
861 1279 1229 1340 audientibus
1260 1280 1640 1359 philosophos
1672 1281 1759 1352 iis,
1785 1281 1889 1359 qui

198 1357 343 1418 bene
372 1360 528 1419 dicta
554 1361 702 1420 male
730 1363 1270 1439 interpretarentur:
1314 1380 1484 1437 posse
1511 1360 1662 1418 enim
1692 1362 1891 1419 asotos

199 1460 269 1498 ex
289 1440 592 1518 Aristippi,
611 1441 846 1500 acerbos
866 1461 898 1498 e
919 1437 1165 1502 Zenonis
1192 1440 1384 1498 schola
1406 1441 1558 1498 exire
1576 1459 1591 1498 z
1633 1459 1885 1518 prorsus,

199 1521 248 1578 si
283 1521 382 1598 qui
416 1521 722 1579 audierunt
754 1521 948 1578 vitiosi
990 1527 1181 1578 essent
1220 1519 1540 1592 discessuri,
1564 1520 1722 1597 qnod
1762 1539 1891 1597 per-

200 1619 358 1658 verse
379 1599 858 1678 philosophorum
881 1600 1336 1678 disputationem
1356 1599 1885 1677 interpretarentur,

197 1687 384 1738 tacere
417 1687 731 1756 praestaret
762 1678 1126 1760 philosophis
1156 1698 1325 1756 quam
1360 1680 1449 1752 iis,
1472 1680 1571 1756 qui
1604 1699 1664 1737 se
1700 1679 1890 1738 audis-

198 1766 342 1831 sent,
364 1779 582 1819 noeere.
655 1761 686 1817 7
695 1766 746 1818 8.
763 1759 890 1830 Sic,
911 1760 960 1818 si
982 1759 1247 1818 homines
1273 1746 1733 1819 rationem‘bono
1754 1780 1889 1818 con-

199 1839 324 1911 silio
353 1859 390 1897 a
416 1839 506 1896 dis
534 1838 955 1899 immortalibus
983 1840 1179 1898 datam
1209 1840 1269 1897 in
1292 1840 1555 1898 fraudem
1582 1839 1890 1898 malitiam-

199 1939 310 1997 que
351 1926 709 1990 convertunt,
739 1940 857 1978 non
898 1920 1020 1978 dari
1052 1920 1211 1978 illam
1255 1940 1427 1997 quam
1469 1920 1593 1978 dari
1631 1919 1887 1977 humano

197 2000 391 2077 generi
419 1999 625 2057 melius
651 2000 782 2058 fuit.
867 2000 972 2071 Ut,
993 2000 1042 2057 si
1063 2000 1327 2058 medicus
1355 2000 1498 2058 sciat
1531 2018 1661 2057 eum
1690 2018 1888 2076 aegro-

197 2087 341 2150 tum,
367 2078 466 2155 qui
495 2079 680 2137 iussus
717 2080 793 2138 sit
822 2080 1018 2137 vinum
1053 2099 1292 2150 sumere,
1316 2080 1594 2138 meracius
1628 2086 1888 2155 sumptu-

197 2179 324 2217 rum
355 2159 664 2234 statimque
692 2161 1028 2235 periturum,
1047 2178 1259 2237 magna
1286 2160 1361 2216 sit
1388 2159 1449 2216 in
1478 2159 1661 2237 eulpa,
1686 2159 1767 2216 sic
1795 2178 1887 2216 ve-

197 2246 313 2296 stra
353 2238 465 2294 ista
508 2238 868 2313 providentia
906 2238 1391 2318 reprehendenda,
1416 2257 1560 2317 quae
1601 2239 1883 2296 rationem

197 2318 420 2376 dederit
453 2316 539 2387 iis,
569 2336 728 2393 quos·
745 2319 935 2376 scierit
967 2338 1036 2377 ea
1066 2338 1327 2397 perverse
1360 2325 1421 2376 et
1452 2317 1715 2395 improbe
1757 2337 1887 2375 usu-

195 2418 305 2455 ros.
389 2397 519 2454 Nisi
552 2398 706 2457 forte
739 2398 931 2456 dicitis
971 2418 1098 2457 eam
1136 2398 1399 2457 nescisse.
1482 2397 1727 2457 Utinam
1762 2397 1886 2475 qui-

195 2477 363 2535 dem!
437 2475 554 2535 Sed
575 2496 696 2534 non
723 2478 1024 2537 audebitis·
1099 2478 1159 2537 N
1161 2498 1237 2537 on
1265 2478 1420 2537 enim
1448 2478 1653 2556 ignoro
1684 2477 1887 2556 quanti

195 2557 320 2615 eius
346 2574 559 2615 nomen
587 2558 822 2635 putetis.

276 2635 537 2694 XXXII.
625 2636 656 2695 7
664 2642 716 2695 9.
755 2636 870 2694 Sed
895 2637 991 2695 hic
1024 2637 1260 2715 quidem
1286 2637 1447 2695 locus
1473 2636 1741 2695 concludi
1766 2636 1885 2695 iam

196 2722 405 2793 potest.
491 2716 644 2774 Nam
673 2717 721 2773 si
750 2716 996 2775 stultitia
1028 2736 1309 2776 consensu
1342 2717 1605 2775 omnium
1632 2716 1886 2795 philoso-

197 2795 446 2872 phorum
473 2796 658 2854 maius
680 2804 767 2854 est
788 2797 1026 2869 malum,
1037 2816 1208 2873 quam
1233 2798 1281 2853 si
1304 2797 1499 2854 omnia
1517 2796 1671 2854 mala
1690 2803 1751 2855 et
1771 2798 1887 2854 for·

196 2883 369 2931 tunae
391 2884 450 2931 et
472 2876 726 2952 eorporis
748 2895 817 2933 ex
839 2876 1014 2933 altera
1033 2883 1195 2951 parte
1217 2884 1521 2952 ponantur,
1542 2875 1881 2954 sapientiam

196 2961 389 3009 autem
419 2973 591 3011 nemo
625 2954 971 3031 adsequitur,
992 2954 1051 3010 in
1087 2955 1329 3011 summis
1360 2955 1527 3012 malis
1560 2974 1761 3013 omnes
1794 2974 1884 3013 su·

194 3050 340 3101 muS,
367 3032 574 3108 quibus
602 3050 704 3088 vos
737 3033 957 3109 optime
999 3032 1325 3090 consultum
1358 3052 1393 3090 a
1424 3034 1515 3090 dis
1548 3034 1884 3091 immortali-

194 3108 303 3165 bus
337 3110 546 3168 dicit-is.
630 3110 781 3168 Nam
816 3118 882 3167 ut
914 3110 1058 3167 nihil
1089 3111 1331 3169 interest
1362 3118 1554 3169 utrum
1590 3132 1763 3169 nemo
1791 3132 1883 3169 va-

194 3186 310 3244 leat
336 3206 412 3245 an
438 3206 611 3247 nemo
637 3190 822 3268 possit
848 3188 1049 3261 valere,
1069 3189 1151 3246 sio
1179 3208 1299 3248 non
1326 3190 1599 3267 intellego
1628 3191 1770 3268 quid
1797 3192 1883 3248 in-
