2199 3546
633 151 735 203 DE
765 149 1069 203 NATURA
1102 151 1425 201 DEORUM.

305 251 886 330 Amerabilitatemque
925 251 1293 323 mundorum,
1328 271 1529 310 eorum
1579 259 1755 324 ortUS,
1792 251 1876 313 ine

186 325 409 405 terltns,
435 333 630 392 omnia
656 333 798 404 fere,
821 331 1030 409 quibus
1068 338 1306 390 naturae
1337 332 1485 388 ratio
1526 332 1873 390 continetur.

187 413 360 472 Nunc
387 414 536 472 istuc
567 413 728 491 quasi
754 431 964 490 corpus
984 419 1044 469 et
1071 413 1235 490 quasi
1262 412 1598 487 sanguinem
1630 411 1772 488 quid
1793 413 1876 468 in-

186 493 447 571 tellegis?
531 492 623 551 74.
668 492 796 570 Ego
837 493 989 550 enim
1025 497 1086 550 te
1128 493 1270 549 scire
1311 491 1423 549 ista
1452 491 1659 548 melius
1701 510 1875 568 quam

185 593 281 632 me
311 593 432 631 non
464 573 654 631 fateor
692 571 896 644 solum,
921 571 1024 629 sed
1055 572 1231 630 etiam
1264 571 1433 630 facile
1474 571 1697 648 patior:
1741 590 1875 630 cum

188 651 422 730 quidem
453 651 626 711 semel
653 652 811 710 dicta
843 658 994 723 sunt,
1019 651 1161 729 quid
1194 659 1282 709 est
1316 652 1473 730 quod
1501 651 1759 711 Velleius
1791 653 1877 708 in-

185 732 454 810 tellegere
495 731 903 810 possit,'Cotta
941 751 1061 790 non
1103 731 1323 809 possit?
1400 731 1625 809 -Itaque
1666 750 1877 809 corpus

187 813 330 890 qnid
370 813 460 884 sit,
485 812 720 890 sanguis
763 812 905 889 quid
945 812 1022 869 sit
1063 810 1352 888 intellego,
1378 812 1543 889 quasi
1574 831 1783 888 corpus
1815 818 1875 868 et

188 892 351 969 quasi
379 893 612 969 sanguis
642 891 784 970 quid
815 892 892 950 sit
923 891 1083 949 nullo
1112 911 1343 968 prorsus
1374 891 1553 950 modo
1582 890 1869 968 intellego·

186 971 392 1050 Neque
411 978 478 1030 tu
497 991 594 1030 me
615 971 778 1043 celas,
799 979 866 1030 ut
886 971 1250 1049 Pythagoras
1272 971 1490 1030 solebat
1512 971 1743 1042 alienOS,
1768 989 1875 1030 nec

187 1051 451 1112 consulto
473 1051 619 1109 dicis
639 1051 862 1110 occulte
884 1058 1183 1129 tamquam
1203 1051 1546 1122 HeraclituS,
1572 1051 1689 1121 sed,
1716 1051 1873 1129 quod

186 1131 340 1190 inter
377 1151 484 1188 nos
516 1130 702 1204 liceat,
725 1151 798 1189 ne
838 1138 905 1190 tu
947 1132 1182 1210 quidem
1224 1131 1525 1208 intellegis.
1610 1130 1872 1190 XXVII.

191 1211 283 1269 75.
321 1210 472 1269 Illud
502 1211 670 1269 video
711 1229 968 1288 pugnare
1007 1218 1084 1281 te,
1116 1211 1333 1289 species
1374 1218 1440 1269 ut
1482 1211 1760 1290 quaedam
1797 1211 1874 1269 sit

187 1285 444 1362 deorum,
469 1310 614 1368 quae
643 1290 786 1348 nihil
815 1292 1068 1349 concreti
1093 1290 1318 1362 habeat,
1336 1290 1488 1348 nihil
1516 1291 1702 1362 solidi,
1726 1289 1871 1348 nihil

187 1371 454 1449 expressi,
475 1370 622 1429 nihil
639 1369 980 1443 eminentis?
985 1371 1172 1448 sitque
1194 1390 1351 1448 pura,
1374 1371 1529 1442 leviS,
1548 1371 1870 1448 perlucida:

188 1451 446 1510 dicemus
474 1451 833 1528 igitur'idem
869 1451 1026 1528 quod
1052 1452 1115 1509 in
1142 1451 1367 1510 Venere
1400 1450 1539 1521 Coa,
1570 1471 1778 1528 corpus
1811 1450 1874 1508 il-

185 1530 289 1590 lud
331 1551 449 1589 non
495 1538 598 1602 est,
635 1531 738 1589 sed
782 1531 967 1588 simile
1012 1531 1283 1608 corporiS,
1318 1549 1423 1588 nec
1468 1531 1561 1588 ille
1605 1531 1770 1588 fusus
1814 1537 1874 1588 et

189 1611 436 1670 candore
464 1612 682 1669 mixtus
708 1611 886 1669 rubor
912 1612 1143 1687 sanguis
1171 1618 1274 1682 est,
1300 1611 1401 1668 sed
1436 1611 1713 1688 quaedam
1750 1630 1874 1668 san-

187 1691 382 1768 guinis
423 1691 778 1749 similitudo:
824 1692 905 1748 sic
937 1692 997 1748 in
1033 1691 1316 1768 Epicureo
1350 1691 1461 1748 deo
1495 1711 1611 1748 non
1641 1710 1747 1762 reS‚
1772 1691 1873 1750 sed

189 1771 596 1829 similitudines
636 1790 828 1829 rerum
860 1791 996 1829 esse.
1083 1771 1194 1829 Fac
1222 1771 1300 1843 id,
1328 1771 1483 1849 quod
1512 1792 1585 1829 ne
1608 1771 1873 1849 ,intellegi

190 1852 422 1929 quidem
445 1858 654 1929 potest,
679 1852 825 1909 mihi
853 1870 972 1909 esse
1001 1870 1363 1928 persuasum:
1400 1852 1541 1909 cedo
1567 1851 1711 1909 mihi
1738 1852 1875 1909 istc«

187 1951 315 1989 rum
335 1932 804 1989 adumbratorum
824 1932 1058 1989 deorum
1079 1931 1427 1991 lineamenta
1446 1940 1617 2010 atque
1634 1933 1871 1990 formas,

190 2012 284 2071 76.
329 2011 466 2069 Non
498 2012 661 2071 deest
693 2011 804 2069 hoc
835 2011 964 2069 loco
997 2012 1168 2089 copia
1198 2012 1507 2082 rationum,
1533 2012 1741 2089 quibus
1774 2013 1875 2070 do-

189 2112 314 2151 cere
342 2092 531 2150 velitis
562 2092 844 2149 humanas
883 2111 1004 2150 csse
1036 2092 1255 2149 formas
1287 2091 1556 2149 deorum:
1600 2092 1871 2169 primum,

190 2172 348 2250 quod
387 2172 471 2229 ita
509 2172 586 2229 sit
626 2172 1005 2229 informatum
1047 2172 1541 2249 anticipatumque
1580 2172 1875 2230 mentibus

189 2252 416 2323 nostriS,
435 2258 502 2309 ut
529 2252 770 2323 homini,
795 2271 928 2309 cum
954 2251 1027 2309 de
1055 2250 1166 2309 deo
1200 2252 1650 2327 cogitet,.forma
1682 2271 1876 2309 occur-

187 2339 278 2390 rat
306 2331 586 2389 humana:
629 2331 855 2402 deinde,
880 2332 1053 2409 quod,
1075 2332 1349 2408 quoniam
1394 2332 1561 2389 rebus
1602 2332 1874 2390 omnibus

189 2411 429 2470 excellat
457 2418 661 2469 natura
692 2411 902 2482 divina,
927 2412 1117 2469 forma
1151 2430 1381 2488 quoque
1415 2431 1536 2469 esse
1565 2412 1875 2490 pulcherri-

188 2511 286 2549 ma
302 2490 523 2562 debeat,
543 2510 648 2549 nec
671 2510 792 2550 esse
816 2491 1066 2549 humana
1085 2491 1260 2549 ullam
1283 2491 1687 2569 pulchriorem.
1740 2491 1874 2549 Ter-

188 2572 332 2630 tiam
360 2572 641 2629 rationem
672 2571 929 2642 adfertiS,
956 2572 1114 2647 quod
1146 2571 1301 2629 nulla
1327 2571 1387 2629 in
1418 2571 1530 2629 alia
1559 2571 1743 2648 figura
1772 2572 1877 2629 do-

188 2651 470 2709 micilium
515 2652 730 2709 mentis
783 2670 903 2709 esse
951 2651 1151 2728 possit.
1250 2651 1340 2710 77.
1382 2652 1647 2709 Primum
1694 2652 1877 2730 igitur

191 2732 443 2810 quidque
465 2732 889 2789 consideremus
911 2730 1076 2808 quale
1097 2731 1187 2789 sit.
1245 2730 1528 2809 Adripere
1550 2732 1705 2789 enim
1727 2732 1874 2789 mihi

189 2812 468 2870 videmini
496 2812 658 2890 quasi
686 2817 875 2869 vestro
904 2811 1026 2868 iure
1058 2829 1179 2868 rem
1213 2812 1371 2869 nullo
1400 2813 1576 2870 modo
1608 2811 1875 2890 probabi-

188 2892 319 2950 lem.
398 2892 655 2951 Omnino
685 2891 814 2969 quis
840 2897 961 2948 tam
990 2909 1191 2949 caecus
1216 2891 1280 2947 in
1307 2893 1766 2969 contemplandis
1793 2911 1875 2949 re-

190 2972 298 3030 bus
325 2990 599 3049 umquam
628 2971 764 3043 fnit,
788 2978 856 3029 ut
881 2990 1000 3028 non
1028 2971 1249 3028 videret
1282 2972 1499 3048 species
1524 2973 1663 3030 istas
1690 2972 1876 3029 homi-

189 3071 331 3110 num
353 3051 587 3109 collatas
606 3052 668 3109 in
697 3052 837 3109 deos
857 3058 958 3108 aut
975 3051 1215 3108 consilio
1235 3052 1482 3127 quodam
1508 3052 1872 3129 sapientium,

192 3151 308 3209 quo
335 3132 561 3189 facilius
589 3131 813 3188 animos
839 3131 1240 3208 imperitorum
1274 3131 1348 3188 ad
1380 3132 1619 3189 deorum
1654 3132 1875 3190 cultum

193 3230 226 3269 a
257 3212 409 3269 vitae
449 3211 730 3289 pravitate
773 3218 1183 3281 converterent,
1214 3218 1315 3268 aut
1356 3212 1777 3288 superstitione,
1810 3219 1877 3270 ut

126 104 223 177 ss

80 192 105 212 ae'

55 221 67 230 κ
