2199 3546
477 172 1475 239 Lm.11.,CAP.x1,v.-x1,vl1.,§
1504 176 1747 225 115-121.
1808 236 1813 241 ,
1900 176 1967 225 89

277 295 345 335 ac
384 276 496 335 deo
535 277 832 335 renovatio
873 276 1076 334 mundi
1119 276 1281 334 fieret
1320 283 1495 353 atque
1533 275 1689 335 idem
1733 281 1967 334 ornatus

279 364 546 415 oreretur.
630 363 760 414 119.
794 356 946 415 Nolo
976 358 1036 413 in
1067 356 1357 414 stellarum
1386 356 1605 413 ratione
1634 354 1851 414 multus
1872 375 1968 413 vo-

277 436 368 494 bis
402 437 582 494 videri
623 428 986 514 maximeque
1029 456 1240 507 earum,
1267 455 1409 513 quae
1452 456 1635 495 errare
1677 436 1961 494 dicuntur.

278 515 534 584 Quarum
568 524 764 573 tantus
797 524 884 573 est
917 523 1229 574 concentus
1264 536 1331 573 ex
1368 515 1765 575 dissimillimis
1798 516 1967 573 mot-i-

276 594 401 668 buS,
428 604 508 665 ut,
533 616 664 654 cum
696 606 922 653 summa
948 596 1181 653 Saturni
1209 596 1524 673 refrigeret,
1545 596 1739 654 media
1765 594 1967 653 Martis

276 676 563 747 incendat,
588 675 679 733 his
705 676 1004 733 interiecta
1032 676 1188 733 Iovis
1215 674 1462 733 illustret
1489 682 1547 733 et
1574 681 1858 752 temperet
1884 676 1968 732 in·

277 756 479 833 fraque
514 756 757 814 Martem
799 756 947 813 duae
988 755 1113 813 Soli
1154 755 1481 827 oboediant,
1512 756 1637 832 ipse
1671 754 1770 813 Sol
1804 774 1967 812 mun-

277 836 418 893 dum
453 855 684 894 omnem
720 855 822 893 sua
849 836 973 893 luce
1008 836 1297 912 compleat
1323 836 1395 893 ab
1430 854 1613 913 eoque
1647 834 1811 893 Luna
1843 834 1969 891 illu-

278 916 498 973 minata
523 916 895 992 graviditates
923 922 982 973 et
1008 923 1209 993 partus
1242 916 1467 973 adferat
1492 916 1967 991 maturitatesque

276 996 571 1073 gignendi.
634 994 792 1065 Quae
814 996 1105 1073 copulatio
1128 1014 1315 1053 rerum
1340 1004 1399 1053 et
1422 996 1583 1074 quasi
1605 995 1967 1053 consentiens

277 1076 351 1133 ad
373 1076 576 1132 mundi
599 1075 1054 1134 incolumitatem
1077 1076 1503 1153 coagmentatio
1532 1083 1766 1134 naturae
1794 1094 1967 1152 quem

277 1174 396 1212 non
439 1164 650 1227 movet,
682 1155 835 1213 hunc
877 1156 1085 1213 horum
1120 1154 1264 1213 nihil
1306 1175 1581 1233 umquam
1615 1155 1967 1233 reputavisse

277 1242 434 1293 certo
464 1236 597 1294 scio,

359 1315 607 1374 XLVII.
697 1321 828 1373 120.
861 1316 1006 1393 Age,
1031 1322 1098 1372 ut
1127 1334 1161 1371 a
1194 1315 1531 1374 caelestibus
1563 1315 1731 1374 rebus
1758 1315 1833 1373 ad
1858 1322 1968 1374 ter-

277 1403 484 1453 restres
516 1396 828 1466 veniamuS,
861 1396 1006 1472 quid'
1043 1401 1131 1453 est
1162 1396 1223 1452 in
1258 1395 1349 1453 his
1385 1397 1445 1453 in
1490 1416 1605 1473 quo
1646 1414 1765 1453 non
1806 1402 1969 1453 natu-

277 1494 374 1533 rae
421 1476 568 1533 ratio
617 1475 1004 1553 intellegentis
1049 1477 1355 1553 appareat?
1429 1476 1725 1553 Principio
1766 1494 1967 1534 eorum

280 1574 426 1633 quae
458 1557 778 1633 gignuntur
817 1576 849 1613 e
889 1562 1042 1613 terra
1082 1556 1288 1633 stirpes
1330 1562 1389 1614 et
1422 1556 1793 1614 stabilitatem
1827 1555 1969 1613 dant

278 1636 367 1707 iis,
394 1656 538 1714 quae
581 1637 934 1694 sustinentur
974 1642 1034 1693 et
1065 1655 1098 1693 e
1132 1642 1283 1694 terra
1324 1656 1522 1694 sucum
1564 1636 1819 1706 trahunt,
1852 1655 1967 1713 quo

279 1716 505 1775 alantur
544 1736 628 1789 ea,
653 1735 798 1795 quae
838 1715 1127 1775 radicibus
1167 1716 1551 1787 continentur,
1582 1716 1971 1798 obducuptur-

281 1815 393 1874 que
434 1796 581 1855 libro
623 1805 725 1855 aut
766 1794 976 1855 cortice
1021 1797 1229 1865 trunci,
1260 1816 1377 1874 quo
1419 1798 1535 1854 sint
1578 1816 1613 1854 a
1655 1796 1969 1874 frigoribus

280 1884 341 1935 et
381 1877 663 1934 caloribus
703 1878 958 1935 tutiores,
1045 1876 1170 1934 Iam
1204 1895 1338 1935 vero
1370 1878 1519 1934 vites
1560 1877 1641 1934 sic
1681 1876 1971 1934 claviculis

281 1957 630 2014 adminicula
649 1964 944 2034 tamquam
968 1956 1235 2014 manibus
1254 1957 1694 2034 apprehendunt
1715 1964 1887 2033 atque
1909 1975 1971 2013 se

280 2037 365 2094 ita
393 2038 623 2114 erigunt
651 2044 717 2094 ut
743 2037 1077 2095 animantes
1164 2036 1319 2105 Quin
1354 2037 1526 2094 etiam
1562 2055 1597 2093 a
1623 2036 1895 2107 caulibuS,
1920 2036 1970 2093 si

283 2124 519 2194 propter
547 2117 655 2175 sati
683 2117 816 2188 sint,
833 2123 900 2175 ut
919 2136 954 2174 a
980 2117 1273 2194 pestiferis
1301 2123 1360 2174 et
1379 2115 1723 2174 nocentibus
1747 2117 1971 2194 refuge-

281 2215 344 2255 re
377 2198 649 2255 dicuntur
679 2217 786 2255 nec
820 2217 918 2254 eos
951 2197 1067 2256 ulla
1098 2217 1169 2254 ex
1202 2203 1365 2275 parte
1397 2197 1745 2274 contingere.
1834 2202 1967 2254 121.

281 2277 685 2334 Animantium
707 2297 842 2335 vero
872 2285 1086 2355 quanta
1104 2277 1347 2345 varietas
1374 2283 1478 2348 est,
1503 2284 1717 2354 quanta
1741 2277 1816 2334 ad
1843 2296 1969 2335 eam

170 2369 178 2376 ‘
282 2375 405 2414 rem
428 2357 530 2428 vis,
553 2365 620 2414 ut
646 2358 708 2414 in
737 2377 842 2414 suo
871 2376 1130 2435 quaeque
1158 2375 1365 2434 genere
1392 2357 1761 2434 permaneat!
1824 2356 1971 2426 Qua-

283 2455 412 2494 rum
441 2437 584 2494 aliae
613 2437 782 2496 coriis
810 2445 996 2496 tectae
1025 2444 1177 2509 sunt,
1202 2436 1343 2495 aliae
1371 2435 1521 2494 villis
1548 2439 1804 2508 vestitae,
1828 2437 1973 2494 aliae

284 2516 466 2594 spinis
486 2516 755 2589 hirsutae,
774 2517 972 2594 pluma
993 2518 1147 2588 alias,
1168 2517 1306 2574 alias
1334 2536 1572 2594 squama
1590 2517 1853 2574 videmus
1875 2516 1973 2574 ob-

284 2597 504 2668 ductaS,
529 2596 666 2654 alias
694 2616 814 2654 esse
842 2597 1113 2655 cornibus
1140 2604 1401 2669 armataS,
1427 2597 1565 2654 alias
1597 2596 1806 2654 habere
1832 2597 1973 2654 effu-

283 2675 383 2752 gia
407 2695 741 2754 pennarum.
827 2676 1065 2735 Pastum
1094 2685 1288 2736 autem
1316 2677 1705 2736 animantibus
1731 2676 1886 2754 large
1914 2684 1974 2735 et
2002 2673 2012 2683 ”

285 2757 520 2834 copiose
547 2765 752 2814 natura
777 2774 928 2829 eum,
953 2758 1053 2834 qui
1080 2759 1287 2834 cuique
1320 2764 1490 2834 aptus
1523 2764 1661 2829 erat,
1684 2776 1973 2834 compara-

284 2835 386 2895 vit.
471 2836 822 2895 Enumerare
861 2856 1096 2914 possum
1139 2838 1213 2894 ad
1246 2857 1376 2894 eum
1411 2844 1640 2913 pastum
1684 2855 1975 2913 capessen-

286 2915 426 2974 dum
457 2915 992 2994 conficiendumque
1015 2937 1159 2995 quae
1188 2922 1263 2974 sit
1284 2919 1342 2974 in
1366 2917 1565 2994 figuris
1592 2916 1973 2974 animantium

286 3002 346 3052 et
375 3015 544 3072 quam
577 2996 773 3054 sollers
807 2997 1144 3075 subtilisque
1173 2997 1470 3074 discriptio
1499 2997 1751 3073 partium
1780 3015 1975 3073 quam-

288 3093 399 3151 que
432 3075 787 3134 admirabilis
814 3077 1032 3134 fabrica
1062 3076 1468 3135 membrorum.
1555 3075 1767 3134 Omnia
1800 3075 1973 3145 enim,

287 3173 432 3232 quae
465 3157 697 3233 quidem
721 3157 877 3214 intus
897 3157 1117 3215 inclusa
1145 3164 1295 3228 sunt,
1314 3157 1397 3214 ita
1423 3163 1559 3214 nata
1586 3163 1759 3234 atque
1786 3157 1870 3213 ita
1897 3154 1978 3211 lo-

285 3242 416 3293 cata
443 3245 595 3308 sunt,
614 3245 678 3294 ut
707 3237 850 3294 nihil
879 3257 1076 3296 eorum
1108 3257 1586 3312 supervacaneum
1616 3237 1709 3309 sit,
1728 3235 1875 3294 nihil
1905 3230 1984 3288 ad
