2199 3546
189 151 256 202 10
635 150 737 200 DE
767 147 1088 201 NATURA·
1102 147 1414 202 DEORUM
1414 175 1439 201 .-

189 255 442 326 nomine,
473 253 575 313 sed
606 273 815 332 genere
845 259 976 312 toto
1009 253 1421 331 disiungerent,
1454 259 1513 312 et
1539 254 1877 332 Peripateti-

191 354 304 406 008,
330 336 430 413 qui
455 335 700 393 honesta
727 335 1165 393 commiscerent
1192 353 1323 392 cum
1353 334 1691 406 commodiS‚
1718 342 1783 393 ut
1811 355 1879 393 ea

189 415 342 474 inter
374 435 436 473 se
467 415 866 492 magnitudine
908 422 968 474 et
1001 415 1165 493 quasi
1196 414 1486 492 gradibuS,
1518 435 1636 472 non
1669 435 1877 493 genere

190 494 504 553 differrent.
597 495 759 552 Haec
815 495 970 552 enim
1026 502 1115 553 est
1162 515 1279 552 non
1327 494 1633 552 verborum
1682 515 1874 574 parva,

190 574 294 633 sed
312 594 501 633 rerum
521 593 836 652 permagna
855 575 1151 633 dissensio.
1222 574 1312 632 17.
1330 574 1551 634 Verum
1573 575 1684 633 hoc
1706 575 1874 632 alias:

189 673 343 712 nunc
377 655 536 732 quod
568 655 880 732 coepimuS,
913 655 961 712 si
996 655 1238 712 videtur.
1323 653 1472 712 Mihi
1503 673 1655 725 vere,
1685 655 1879 733 inquit

189 733 392 806 Cotta,
412 734 653 792 videtur.
739 734 870 806 Sed,
901 741 970 792 ut
1000 733 1114 805 hic,
1146 735 1248 812 qui
1279 734 1761 792 intervenit--me
1795 735 1879 791 in-

189 821 510 872 tuens—ne
543 815 772 891 ignoret
800 833 944 892 quae
975 833 1065 872 res
1098 820 1318 891 agatur,
1338 814 1411 872 de
1444 821 1649 872 natura
1676 813 1879 892 ageba-

191 913 320 950 mus
353 893 611 964 deorum,
645 913 789 970 quae
831 913 963 951 cum
983 927 986 932 -
1008 893 1154 952 mihi
1186 893 1476 952 videretur
1513 893 1875 972 perobscura,

189 980 257 1030 ut
284 992 510 1050 semper
536 973 716 1031 videri
745 974 906 1043 solet,
933 973 1169 1050 Epicuri
1198 993 1267 1032 ex
1299 973 1879 1032 Velleio'sciscitabar

191 1053 553 1111 sententiam.
640 1052 823 1121 Quam
865 1053 942 1110 ob
974 1073 1114 1125 rem,
1145 1053 1352 1131 inquit,
1375 1053 1581 1125 Vellei,
1611 1049 1725 1111 nisi
1754 1073 1879 1112 mo-

190 1132 400 1190 lestum
451 1140 555 1205 est,
591 1140 785 1210 repete
835 1153 980 1210 quae
1029 1152 1312 1210 coeperas.
1397 1133 1680 1210 Repetam
1722 1153 1875 1205 vere,

192 1231 539 1290 quamquam
590 1232 710 1270 non
764 1213 926 1283 mihi,
973 1213 1072 1271 sed
1120 1213 1230 1271 tibi
1278 1213 1374 1271 hic
1422 1214 1582 1271 venit
1628 1213 1875 1272 adiutor.

191 1292 388 1350 Ambo
423 1293 594 1361 enim,
626 1293 819 1370 inquit
852 1293 1137 1364 adridens,
1168 1293 1241 1351 ab
1275 1293 1479 1352 eodem
1514 1293 1762 1353 Philone
1794 1293 1879 1350 ni-

192 1372 273 1429 hil
324 1373 468 1430 scire
517 1373 816 1431 didicistis,
904 1373 1055 1430 Tum
1106 1391 1253 1451 ego:
1303 1372 1460 1443 Quid
1508 1373 1880 1432 didicerimus

192 1452 370 1512 Cotta
392 1453 614 1523 viderit,
637 1460 702 1511 tu
732 1459 926 1511 autem
954 1454 1090 1511 nelo
1114 1453 1405 1512 existimes
1432 1472 1525 1512 me
1552 1454 1878 1512 adiutorem

191 1531 328 1591 huic
360 1534 600 1606 venisse,
631 1533 734 1592 sed
773 1533 1096 1591 auditorem
1140 1540 1199 1591 et
1240 1534 1475 1611 quidem
1517 1553 1783 1611 aequum,
1815 1533 1878 1591 li·

191 1612 332 1672 bero
373 1614 604 1685 iudicio,
635 1613 794 1670 nulla
825 1613 948 1671 eius
979 1613 1143 1672 modi
1183 1614 1481 1672 astrictum
1522 1614 1877 1686 necessitate,

193 1700 262 1750 ut
287 1693 449 1763 mihi,
478 1693 645 1752 velim
681 1693 880 1765 nolim,
901 1694 977 1752 sit
1010 1701 1167 1754 certa
1194 1694 1475 1771 quaedam
1507 1694 1726 1753 tuenda
1758 1713 1882 1752 sen·

193 1775 391 1833 tentia.

274 1853 442 1912 VIII.
532 1860 624 1911 18.
667 1854 818 1911 Tum
847 1854 1109 1912 Velleius
1139 1853 1387 1912 fidenter
1416 1872 1567 1923 sane,
1591 1861 1659 1912 ut
1692 1854 1881 1913 solent

193 1934 308 2004 isti,
341 1932 486 1990 nihil
515 1941 636 1991 tam
665 1952 864 1991 verens
894 1952 1066 2011 quam
1098 1953 1173 1993 ne
1200 1934 1463 1992 dubitare
1497 1935 1689 2012 aliqua
1714 1935 1787 1993 de
1819 1954 1881 1993 re

193 2014 499 2085 videretur,
530 2020 829 2092 tamquam
860 2014 1040 2072 modo
1075 2034 1143 2073 ex
1172 2014 1411 2072 deorum
1444 2015 1691 2073 concilio
1719 2022 1778 2073 et
1810 2034 1881 2073 ex

194 2094 432 2171 Epicuri
480 2094 885 2152 intermundiis
925 2093 1345 2153 descendisset:
1401 2094 1639 2168 Audite,
1668 2095 1877 2173 inquit,

195 2192 312 2231 non
335 2174 533 2231 futiles
553 2174 1098 2251 commenticiasque
1120 2174 1448 2245 sententias,
1467 2194 1597 2231 non·
1615 2175 1881 2252 opificem

195 2253 734 2332 aedificatoremque
765 2254 986 2325 mundi,
1011 2254 1275 2311 Platonis
1308 2254 1381 2311 de
1414 2253 1652 2312 Timaeo
1686 2254 1879 2328 deum,

196 2352 301 2392 nec
329 2340 504 2391 anum
531 2334 851 2405 fatidicam,
871 2333 1200 2391 Stoicorum
1228 2352 1560 2413 pronoeam‚
1586 2353 1755 2411 quam
1780 2334 1884 2393 La-

198 2415 318 2472 tine
351 2414 486 2472 licet
511 2414 934 2488 providentiam
971 2413 1177 2486 dicere,
1209 2433 1395 2492 neque
1428 2434 1563 2472 vero
1595 2415 1881 2473 mundum

198 2495 386 2571 ipsum
431 2494 625 2551 animo
667 2501 727 2552 et
759 2494 1020 2552 sensibus
1060 2494 1403 2573 praeditum,
1435 2495 1768 2567 rotundum,
1800 2515 1884 2553 ar-

198 2576 448 2645 dentem,
481 2573 792 2632 volubilem
825 2574 1016 2645 denm,
1047 2581 1317 2653 portenta
1358 2583 1417 2633 et
1450 2575 1724 2633 miracula
1763 2595 1882 2633 non

198 2654 600 2712 disserentium
628 2654 1126 2731 philosophorum,
1148 2656 1248 2713 sed
1278 2656 1706 2713 somniantium.
1788 2661 1879 2714 19.

199 2732 422 2801 Quibus
450 2734 604 2791 enim
635 2734 815 2791 oculis
841 2735 1019 2791 animi
1047 2735 1258 2794 intueri
1286 2736 1481 2812 potuit
1506 2742 1694 2793 vester
1713 2734 1883 2794 Plato

198 2813 474 2871 fabricam
507 2814 660 2871 illam
686 2814 834 2871 tanti
865 2815 1069 2891 operia,
1095 2834 1209 2893 qua
1236 2815 1492 2872 construi
1519 2834 1552 2872 a
1574 2815 1683 2873 deo
1712 2821 1885 2892 atque

198 2893 486 2951 aedificari
513 2895 795 2951 mundum
824 2894 1004 2952 faciti
1083 2893 1244 2964 Quae
1268 2894 1515 2966 molitio,
1542 2914 1685 2972 quae
1712 2894 1886 2952 ferra-

199 2981 411 3045 menta,
445 2974 542 3052 qui
572 2980 777 3045 vecteS,
810 2993 955 3051 quae
983 2974 1298 3045 machinae,
1331 2974 1429 3051 qui
1457 2974 1709 3031 ministri
1734 2974 1881 3031 tanti

199 3055 453 3113 muneris
473 3054 746 3112 fuerunt?
827 3052 1012 3121 Quem
1041 3053 1117 3111 ad
1137 3054 1376 3112 modum
1400 3061 1592 3112 autem
1615 3052 1885 3112 oboedire

201 3140 260 3191 et
301 3153 497 3210 parere
533 3134 816 3191 voluntati
857 3133 1155 3191 architecti
1196 3140 1311 3205 aer,
1342 3134 1510 3212 igniS,
1542 3152 1705 3213 aqua,
1736 3139 1885 3193 terra

200 3214 554 3291 potuerunt?
633 3212 810 3272 Unde
838 3231 974 3272 vero
1008 3219 1166 3273 ortae
1198 3214 1329 3273 illae
1363 3214 1615 3293 quinque
1643 3215 1882 3289 formae,
