2199 3546
805 137 966 210 pAr.
986 138 1167 200 vm.·,
1187 137 1305 199 15x.,·
1326 136 1357 197 ς
1381 138 1556 187 15-19.
1916 144 2011 196 259

303 243 478 304 ,veris
519 244 582 303 in
614 239 766 301 falsa
795 259 868 298 ea
897 255 1083 317 posse,
1120 257 1267 316 quae
1304 237 1502 298 futura
1542 242 1693 309 sunt,
1725 251 1897 315 quam
1928 259 2011 312 ea,

332 341 476 401 quae
516 321 672 378 facta
711 323 862 391 sunt,
898 319 998 390 sed
1037 319 1101 377 in
1140 318 1325 388 factis,
1351 317 1879 384 immutabilitatem
1922 337 2014 395 ap-

328 420 546 480 parere,
574 401 634 458 in
667 399 882 474 futuris
915 399 1275 476 quibusdam,
1308 397 1443 475 quia
1474 417 1592 456 non
1624 404 1913 475 appareat,
1943 409 2014 455 n'e

329 484 514 540 inesse
548 479 778 559 quidem
809 480 1007 549 videri,
1033 487 1098 536 ut
1130 479 1190 535 in
1226 495 1312 550 ec,
1343 477 1459 555 qui·
1474 477 1776 535 mortifero
1809 477 2013 535 morbo

329 568 615 638 urgeatur,
647 580 841 620 verum
877 561 962 618 sit>
987 561 1020 587 ‘⁴
1042 559 1157 616 Hic
1199 558 1476 616 morietur
1507 557 1619 614 hoc
1658 557 1917 629 morb0,”
1952 564 2013 616 at

305 641 440 702 .hoc
483 641 638 699 idem
681 642 732 699 si
775 659 905 700 vere
948 639 1173 699 dicatur
1214 639 1277 696 in
1320 657 1409 710 eo,-
1446 638 1508 695 in
1550 656 1667 716 quo
1699 637 1786 694 vis
1825 637 2013 702 morbi

327 729 490 780 tanta
529 740 648 778 non
680 726 968 798 appareat,
999 719 1195 789 nihilo·
1221 719 1413 776 minus
1444 718 1707 784 futurum
1748 717 1839 775 sit.
1922 717 2014 775 Ita

328 800 396 858 fit
435 807 502 858 ut
544 801 1038 858 commutatio‘ex
1081 818 1215 856 vero
1256 798 1319 854 in
1350 797 1564 866 falsum
1606 815 1680 854 ne
1718 795 1780 854 in
1813 796 2013 854 futuro

330 879 566 958 quidem
606 879 724 942 ulla
761 879 884 938 fieri
925 878 1124 955 possit.
1208 877 1363 934 Nam
1396 877 1431 906 ‘⁴
1450 875 1729 934 Morietur
1760 874 1957 952 Scipio
1975 875 2010 903 '’

327 959 504 1018 talem
538 959 654 1017 vim
687 958 878 1030 habet,
915 965 996 1030 ut,
1032 975 1380 1034 quamquam
1422 956 1497 1014 de
1538 956 1741 1014 futuro
1783 955 2009 1028 dicitur,

329 1046 523 1098 tamen
565 1044 631 1096 ut
663 1039 724 1096 id
765 1058 881 1095 non
915 1037 1102 1116 possit
1140 1043 1467 1094 convertere
1508 1035 1571 1103 in
1598 1035 1837 1104 falsum.
1920 1034 2013 1093 De

328 1117 565 1178 homine
599 1119 748 1192 enim
779 1118 1008 1190 dicitur,
1031 1118 1126 1177 cui
1152 1136 1383 1176 necesse
1414 1123 1501 1174 est
1528 1115 1693 1174 mori.
1781 1121 1871 1173 18.
1917 1115 2012 1174 Sic

329 1199 378 1258 si
411 1198 694 1257 diceretur
727 1197 762 1228 “
781 1198 1060 1256 Morietur
1091 1204 1268 1256 noctu
1296 1197 1355 1254 in
1390 1195 1655 1256 cubiculo
1689 1213 1793 1254 suo
1826 1195 1884 1254 vi
1913 1214 2013 1273 op-

328 1298 554 1356 pressus
587 1277 838 1357 Scipio,”
869 1297 998 1336 vere
1031 1278 1332 1336 diceretur.
1417 1276 1488 1334 Id
1516 1276 1670 1343 enim
1703 1276 1831 1334 fore
1864 1276 2014 1333 dice-

328 1366 499 1431 retur,
524 1358 681 1435 quod
709 1365 857 1418 esset
882 1359 1181 1417 futurum:
1224 1357 1485 1414 futurum
1514 1363 1709 1422 autem
1734 1355 1913 1414 fuisse
1942 1375 2012 1414 ex

329 1457 416 1510 eo,
440 1439 578 1514 qnia
599 1437 820 1498 factum
849 1445 952 1509 est,
975 1436 1233 1512 intellegi
1259 1435 1446 1495 debet.
1530 1431 1653 1494 Nec
1679 1435 1865 1512 magis
1892 1442 2014 1493 erat

329 1536 527 1576 verum
584 1516 913 1590 “Morietur
970 1516 1169 1594 Scipio
1184 1515 1220 1543 '’
1283 1534 1455 1592 quam
1513 1515 1548 1546 ‘⁶
1566 1513 1844 1573 Morietur
1910 1514 2011 1572 illo

327 1595 562 1670 modo,”
611 1615 716 1656 nec
763 1597 950 1674 magis
995 1615 1225 1658 necesse
1270 1595 1420 1654 mori
1464 1594 1793 1672 Scipionem
1838 1611 2010 1672 quam

315 1676 430 1736 illo
468 1677 646 1736 modo
686 1677 852 1750 mori,
893 1695 998 1736 nec
1037 1675 1225 1754 magis
1268 1673 1629 1734 immutabile
1672 1694 1741 1732 ex
1776 1693 1908 1732 vero
1949 1673 2009 1732 in

324 1756 538 1818 ‚falsum
596 1757 899 1817 “Necatus
957 1765 1046 1816 est
1106 1756 1303 1834 Scipio
1322 1755 1356 1785 ’'
1414 1773 1589 1833 quam
1645 1753 2014 1813 “Necabitur

329 1836 580 1915 Scipi0,'’
609 1858 732 1909 nec,
761 1856 894 1897 cum
921 1837 1062 1895 haec
1089 1836 1173 1897 ita
1200 1838 1332 1908 sint,
1364 1842 1451 1893 est
1478 1852 1647 1895 causa
1679 1854 1779 1893 cur
1805 1835 2013 1912 Epicu-

329 1917 644 1991 russanum
677 1918 1011 1975 extimescat
1043 1923 1103 1974 et
1134 1915 1207 1974 ab
1240 1916 1449 1973 atomis
1476 1921 1636 1993 petat
1664 1914 2011 1991 praesidium

321 2015 535 2074 easque
568 1996 650 2055 de
681 1997 776 2053 via
808 1996 1053 2056 deducat
1085 2002 1145 2053 et
1178 2015 1293 2067 uno
1325 2002 1587 2072 tempore
1620 1994 1892 2072 suscipiat
1924 2014 2014 2052 res

153 2115 180 2137 κ
329 2076 472 2139 duas
502 2074 909 2149 inenodabilcs,
940 2094 1133 2144 unam,
1166 2075 1385 2133 ut-s'ine
1426 2093 1595 2133 causa
1633 2073 1736 2133 fiat
1776 2073 2010 2152 aliquid,

317 2176 400 2215 -ex
428 2156 542 2234 quo
577 2156 812 2227 exsistet
837 2162 904 2213 ut
931 2155 1004 2212 de
1037 2154 1220 2213 nihilo
1256 2155 1554 2233 quippiam
1582 2153 1699 2226 fiat,
1724 2154 1881 2233 quod
1908 2174 2013 2213 nec

328 2237 440 2313 ipsi
483 2254 588 2303 nec
632 2235 899 2312 cuiquam
941 2235 1185 2313 physico
1228 2234 1431 2312 placet,
1471 2234 1723 2307 alteram,
1758 2241 1845 2307 ut,
1880 2254 2013 2293 cum

328 2317 445 2375 duo
473 2315 773 2375 individua
794 2335 902 2393 per
927 2316 1265 2374 inanitatem
1294 2315 1569 2386 ferantur,
1592 2314 1834 2373 alterum
1868 2334 1901 2373 e
1934 2334 2015 2373 re-

327 2397 500 2473 gione
540 2402 854 2467 moveatur,
884 2396 1124 2453 alterum
1168 2394 1431 2453 declinet.
1520 2400 1611 2455 19.
1656 2393 1817 2453 Licet
1858 2395 2012 2451 enim

325 2476 576 2553 Epicuro
603 2476 944 2535 concedenti
971 2496 1143 2534 omne
1171 2476 1533 2533 enuntiatum
1561 2481 1663 2532 aut
1690 2494 1887 2533 verum
1915 2481 2015 2532 aut

325 2556 536 2614 falsum
581 2574 702 2613 esse
743 2575 862 2613 non
901 2557 1083 2625 vereri
1122 2574 1195 2613 ne
1239 2554 1435 2613 omnia
1473 2553 1599 2612 fato
1638 2552 1761 2612 fieri
1805 2554 1881 2612 sit
1920 2572 2016 2611 ne-

326 2652 514 2692 cesse:
560 2653 675 2692 non
709 2635 864 2703 enim
899 2654 968 2693 ex
1001 2635 1247 2704 aeternis
1279 2633 1463 2691 causis
1496 2652 1531 2690 a
1558 2640 1793 2692 naturae
1826 2652 2015 2691 neces-

324 2714 494 2772 sitate
526 2713 894 2771 manantibus
925 2734 1123 2771 verum
1158 2721 1245 2771 est
1277 2714 1356 2785 id,
1387 2712 1545 2790 quod
1571 2713 1653 2770 ita
1684 2714 2015 2771 enuntiatur

305 2793 362 2873 ..⁶⁶
381 2793 697 2851 Descendit
739 2793 799 2851 in
833 2794 1207 2852 Academiam
1252 2792 1629 2864 Carneades,”
1672 2812 1775 2851 nec
1819 2800 2012 2851 tamen

327 2872 448 2931 sine
491 2874 690 2943 causiS,
729 2873 829 2931 sed
870 2873 1107 2931 interest
1148 2874 1297 2932 inter
1337 2889 1533 2931 causas
1574 2872 1817 2931 fortuito
1860 2880 2014 2931 ante-

325 2971 546 3027 gressas
586 2960 646 3010 et
677 2953 828 3009 inter
867 2972 1061 3010 causas
1094 2952 1429 3011 cohibentes
1460 2954 1521 3010 in
1556 2972 1617 3011 se
1649 2952 2013 3011 efficientiam

324 3030 658 3091 naturalem.
758 3031 848 3089 Ita
891 3039 956 3090 et
999 3052 1224 3109 semper
1271 3051 1466 3090 verum
1515 3032 1633 3090 fuit
1682 3032 1716 3059 “
1735 3031 2013 3091 Morietur

325 3109 624 3187 Epicurus,
656 3128 788 3167 cum
821 3111 938 3168 duo
973 3119 1031 3169 et
1064 3112 1431 3187 septuaginta
1461 3130 1641 3169 annos
1674 3111 1895 3183 vixerit,
1931 3132 2014 3169 ar·-

326 3189 538 3253 chonte
565 3188 937 3275 Pytharat0,'’
962 3210 1149 3267 neque
1170 3198 1364 3261 tamen
1394 3197 1553 3249 erant
1581 3209 1781 3249 causae
1807 3190 2010 3249 fatales
