2199 3546
624 109 764 160 LIB.
783 111 852 173 1.‚
874 109 1032 162 CAP.
1051 110 1405 174 XL.-XL11.,
1428 109 1460 172 ξ
1482 112 1665 162 87-93.
1761 101 1767 107 ’
1891 112 1993 164 179

291 217 494 290 potest
533 229 656 270 esse
689 212 791 290 qui
823 231 944 270 non
985 219 1121 276 ante
1152 231 1455 290 magorum
1483 211 1853 291 disciplinam
1885 213 1991 274 sci-

291 293 509 350 entiam
517 311 628 370 que
655 293 990 369 perceperit.
1073 291 1237 352 Licet
1264 300 1456 351 autem
1478 293 1671 352 videre
1693 301 1752 352 et
1777 313 1989 371 genera

293 372 579 451 quaedam
624 380 686 430 et
729 375 996 431 nationes
1035 372 1171 431 huic
1220 374 1489 431 scientiae
1538 373 1776 432 deditas.
1861 373 1987 432 Tel-

290 471 516 510 messus
541 453 603 509 in
632 450 802 510 Caria
828 459 932 523 est,
963 472 1078 530 qua
1104 453 1167 510 in
1194 453 1334 510 urbe
1362 453 1588 511 excellit
1617 453 1985 530 haruspicum

291 532 614 608 disciplina.
699 532 966 610 Itemque
1013 531 1149 612 Elis⁶
1178 533 1238 591 in
1288 532 1691 610 Peloponneso
1735 533 1987 592 familias

291 611 438 670 duas
479 619 662 670 certas
701 612 893 683 habet,
925 612 1279 670 Iamidarum
1315 631 1505 684 unam,
1536 612 1773 671 alteram
1806 612 1987 671 Cluti-

291 691 518 764 darum,
542 690 938 769 haruspicinae
957 691 1263 750 nobilitate
1290 699 1660 771 praestantes,
1720 692 1787 749 In
1820 693 1989 770 Syria

292 771 574 850 Chaldaei
614 773 946 850 cognitione
987 778 1271 830 astrorum
1316 772 1681 850 sollertiaque
1730 773 1988 850 ingenio-

291 871 426 909 rum
457 851 820 910 antecellunt.
907 857 1000 910 92.
1044 852 1275 910 Etruria
1306 861 1501 911 autem
1536 853 1609 910 de
1642 853 1798 911 caelo
1832 860 1986 912 tacta

294 931 676 990 scientissime
735 930 1157 1002 animadvertit,
1208 933 1522 1010 eademque
1575 933 1987 1011 interpretatur

296 1012 440 1089 quid
473 1011 794 1089 quibusque
823 1013 1156 1070 ostendatur
1180 1013 1455 1070 monstris
1482 1018 1654 1090 atque
1681 1013 1981 1090 portentis.

295 1091 580 1161 Quocirca
622 1091 769 1150 bene
813 1092 970 1169 apud
1011 1093 1256 1150 maiores
1299 1098 1529 1150 nostros
1572 1100 1801 1151 senatus
1834 1099 1981 1164 tum,

291 1191 428 1230 cum
477 1171 720 1231 florebat
765 1173 1090 1249 imperium,
1136 1172 1388 1230 decrevit
1428 1179 1497 1230 ut
1538 1172 1611 1230 de
1654 1173 1982 1250 principum

289 1251 426 1309 filiis
475 1271 573 1310 sex
619 1252 862 1330 singulis
909 1253 1173 1311 Etruriae
1228 1252 1459 1329 populis
1507 1252 1569 1310 in
1618 1252 1981 1330 disciplinam

289 1332 668 1404 traderentur,
704 1351 778 1390 ne
809 1351 902 1389 ars
942 1339 1107 1390 tanta
1148 1339 1384 1410 propter
1415 1333 1756 1390 tenuitatem
1799 1333 1981 1390 homi-

291 1431 436 1469 num
469 1431 504 1468 a
535 1412 830 1489 religionis
871 1412 1211 1470 auctoritate
1244 1411 1620 1470 abduceretur
1660 1413 1733 1470 ad
1776 1433 1984 1471 merce-

294 1490 430 1550 dem
459 1499 631 1570 atque
659 1489 974 1570 quaestum‘.
1059 1491 1324 1568 Phryges
1351 1500 1543 1550 autem
1574 1499 1631 1550 et
1665 1491 1895 1550 Pisidae
1923 1500 1983 1551 et

293 1571 504 1629 Cilices
530 1579 590 1630 et
619 1571 877 1629 Arabum
904 1573 1064 1630 natio
1091 1573 1285 1630 avium
1316 1571 1833 1649 significationibus
1860 1573 1983 1648 plu—

291 1653 505 1710 rimum
538 1651 958 1730 obtemperant,
989 1652 1148 1730 quod
1180 1652 1337 1710 idem
1378 1653 1708 1711 factitatum
1744 1653 1804 1710 in
1838 1652 1983 1711 Um-

291 1731 420 1791 bria
443 1731 786 1811 accepimus.

376 1812 562 1871 XLII.
640 1818 734 1871 93.
758 1813 848 1871 Ac
874 1812 1024 1870 mihi
1049 1812 1285 1891 quidem
1314 1812 1584 1870 videntur
1616 1830 1648 1870 c
1674 1811 1817 1870 locis
1846 1832 1983 1890 quo-

297 1911 410 1970 que
449 1893 606 1969 ipsis,
643 1893 742 1971 qui
781 1912 818 1949 a
859 1892 1181 1971 quibusque
1229 1892 1645 1963 incolebantur,
1678 1892 1984 1951 divinatio-

295 1990 437 2029 num
474 1973 930 2049 opportunitates
963 1992 1084 2031 esse
1125 1974 1347 2031 ductae.
1432 1972 1667 2031 Etenim
1700 1972 1980 2051 Aegyptii

295 2058 358 2109 et
411 2052 720 2130 Babylonii
771 2054 833 2109 in
875 2071 1212 2130 camporum
1268 2053 1591 2130 patentium
1641 2054 1982 2130 aequoribus

295 2131 636 2203 habitantes
665 2151 798 2190 cum
840 2152 911 2190 ex
951 2140 1105 2191 terra
1144 2132 1291 2190 nihil
1332 2134 1609 2191 emineret
1652 2133 1810 2210 quod
1850 2153 1983 2193 con·

294 2212 658 2290 templationi
703 2212 844 2271 caeli
889 2211 1115 2271 officere
1159 2219 1371 2290 posset,
1407 2232 1639 2271 omnem
1686 2233 1877 2271 curam
1919 2216 1976 2273 in

293 2292 545 2350 siderum
579 2292 912 2369 cognitione
953 2300 1289 2369 posuerunt,
1321 2293 1548 2351 Etrusci
1582 2300 1793 2363 autem,
1825 2296 1983 2373 quod

291 2372 568 2450 religione
593 2372 806 2430 imbuti
835 2373 1149 2430 studiosius
1176 2379 1235 2430 et
1262 2373 1513 2431 crebrius
1534 2373 1751 2433 hostias
1778 2376 1979 2433 immo-

291 2451 502 2525 labant,
547 2459 812 2510 extorum
854 2453 1176 2529 cognitioni
1224 2472 1283 2511 se
1322 2454 1572 2511 maxime
1617 2454 1977 2525 dediderunt,

293 2533 565 2610 quodque
598 2539 837 2610 propter
867 2533 1017 2590 aeris
1051 2533 1486 2591 crassitudinem
1521 2533 1593 2592 de
1635 2536 1793 2593 caelo
1825 2535 1981 2612 apud

293 2631 392 2669 eos
417 2612 604 2670 multa
629 2610 846 2670 fiebant
873 2618 932 2671 et
960 2612 1120 2689 quod
1146 2612 1223 2671 ob
1262 2613 1503 2673 eandem
1537 2635 1761 2673 causam
1798 2614 1981 2671 multa

293 2691 570 2751 inusitata
611 2693 824 2769 partim
868 2712 900 2750 e
942 2692 1118 2765 eae10,
1160 2692 1271 2751 alia
1316 2712 1387 2749 ex
1434 2699 1587 2750 terra
1630 2691 1975 2763 oriebantur,

295 2771 576 2849 quaedam
620 2772 798 2829 etiam
840 2792 910 2830 ex
950 2772 1255 2831 hominum
1295 2772 1654 2850 pecudumve
1696 2778 1977 2849 conceptu

296 2846 381 2925 [et
407 2850 584 2929 satu]‚
604 2858 1008 2929 portent-orum
1035 2853 1492 2911 exercitatissimi
1522 2853 1861 2927 interpretes
1888 2870 1978 2909 ex-

294 2932 578 2989 stiterunt.
663 2931 923 3001 Quorum
959 2932 1193 3010 quidem
1228 2932 1361 3002 vim,
1393 2940 1460 2989 ut
1491 2938 1557 2988 tu
1592 2930 1739 2987 soles
1771 2929 1975 3002 dicere,

294 3012 465 3070 verba
505 3013 634 3089 ipsa
672 3012 986 3089 prudenter
1017 3032 1052 3070 a
1083 3010 1397 3069 maioribus
1440 3010 1629 3086 posita
1670 3007 1975 3069 declarant.

294 3090 441 3160 Quia
474 3094 630 3150 enim
675 3093 1004 3163 ostendunt,
1034 3092 1405 3170 portendunt,
1442 3094 1786 3159 monstrant,
1823 3108 1979 3167 prae-

293 3172 510 3244 dicunt,
531 3177 776 3243 ostenta,
799 3178 1084 3252 portenta,
1106 3176 1379 3241 monstra,
1403 3166 1671 3247 prodigia
1692 3166 1969 3229 dicuntur.
