2199 3546
171 129 268 178 112
617 124 718 174 DE
751 121 1053 176 NATURA
1083 121 1411 176 DEORUM.

170 229 253 288 rii
343 227 493 286 Tum
536 225 744 285 Cotta.
794 225 1163 298 Rumoribus,
1198 225 1408 303 inquit,
1446 243 1676 284 mecum
1760 244 1859 304 ug·

171 327 290 380 nas,
325 307 522 377 Balbe,
559 326 669 383 ego
709 313 904 365 autem
941 325 978 364 3
1010 312 1072 364 te
1107 304 1359 396 rationes
1388 304 1634 383 requiro.
1690 306 1861 365 De·

170 395 306 446 eunt
331 407 443 444 non
468 383 682 464 nulla]

251 466 357 526 VI.
447 471 538 524 14.
584 466 916 544 Sequuntur
949 484 1103 543 quae
1123 465 1321 524 futura
1354 472 1504 525 sunt.
1589 464 1863 544 Effugere

171 547 326 606 enim
355 566 527 606 nemo
557 547 619 604 id
647 552 857 623 potest,
883 545 1052 637 quod
1066 545 1330 608 futurum
1360 551 1465 602 est.
1550 543 1733 624 Saepe
1766 565 1863 603 au-

171 634 290 685 tem
320 646 393 684 ue
420 625 562 684 utile
597 625 832 719 quidem
859 632 947 683 est
975 625 1118 682 scire
1148 625 1289 702 quid
1315 623 1578 683 futurum
1608 625 1714 682 sit:
1756 626 1863 682 mi·

172 725 362 764 serum
403 713 492 764 est
531 707 687 764 enim
726 704 873 763 nihil
904 703 1304 782 proficientem
1342 705 1479 792 angi
1512 723 1617 763 nec
1650 705 1861 764 habere

172 805 286 844 ne
287 787 402 863 pei
435 785 673 863 quidem
703 792 1021 843 extremum
1053 791 1117 842 et
1146 792 1342 843 tamen
1376 803 1685 842 commune
1718 785 1863 844 3013

172 867 343 938 cium,
368 866 702 943 praesertim
732 884 864 922 cum
895 883 996 922 vos
1013 864 1194 922 iidem
1215 865 1341 922 fato
1367 863 1491 922 fieri
1513 864 1722 923 dicatis
1740 885 1863 923 om·-

171 947 283 1018 nia,
316 945 473 1023 quod
504 952 698 1003 autem
733 963 958 1021 semper
989 963 1059 1002 ex
1081 944 1259 1002 omni
1290 944 1629 1002 aeternitate
1654 945 1859 1003 'verum

150 1025 364 1097 fuerit,
387 1025 452 1082 id
479 1044 602 1082 esse
625 1025 831 1083 fatum.
910 1023 1068 1092 Quid
1086 1023 1268 1100 igitur
1286 1024 1447 1082 iuvat
1472 1030 1575 1082 aut
1602 1025 1743 1102 quid
1764 1023 1863 1082 ada

170 1106 298 1164 fert·
313 1105 389 1164 ad
416 1105 734 1164 cavendum
765 1104 908 1162 scire
941 1103 1160 1181 aliquid
1184 1104 1468 1176 futurum,
1492 1123 1625 1162 cum
1656 1103 1719 1162 id
1744 1123 1862 1162 cer-

170 1193 230 1244 te
263 1186 526 1244 fut-urum
564 1184 676 1243 sit?
755 1183 934 1243 Unde
965 1203 1141 1261 porro
1172 1184 1286 1242 ista
1317 1183 1636 1243 divinatio?
1713 1183 1862 1254 Quis

171 1266 394 1324 invenit
417 1264 615 1322 fissum
643 1263 886 1324 iecoris?
926 1264 1055 1342 quis
1081 1264 1327 1322 cornicis
1352 1271 1587 1322 cantum
1614 1265 1859 1336 notavit3
1913 1333 1917 1337 .

173 1346 302 1423 quis
323 1346 537 1403 sortes?
564 1344 774 1423 quibus
793 1361 902 1422 ego
925 1344 1117 1416 credo,
1134 1363 1240 1401 uec
1259 1363 1496 1421 possum
1518 1344 1651 1402 Atti
1668 1344 1859 1414 Navii,

173 1445 346 1504 quem
373 1423 879 1496 commemorabas,
904 1424 1113 1484 lituum
1148 1433 1529 1482 contemnere.
1614 1424 1731 1482 Sed
1758 1425 1861 1502 qui

172 1507 286 1564 ista
317 1505 606 1564 intellecta
635 1503 754 1562 sint
779 1523 815 1561 a
841 1503 1206 1581 philosophis
1233 1503 1419 1562 debeo
1443 1504 1677 1575 discere,
1703 1523 1861 1582 prae⁴

173 1586 370 1644 sertim
399 1605 530 1643 cum
559 1583 822 1662 plurimis
849 1584 922 1642 de
947 1583 1119 1642 rebus
1146 1583 1330 1642 divini
1360 1585 1459 1642 isti
1486 1585 1857 1643 mentiantur.

177 1671 269 1724 15.
301 1665 386 1723 At
410 1664 621 1722 medici
651 1664 1044 1742 quoque-—ita
1067 1663 1227 1722 enim
1254 1663 1735 1740 dicebas—-saepe
1755 1664 1863 1722 fal-5

172 1746 384 1805 luntur.
453 1743 609 1815 Quid
630 1743 814 1802 simile
835 1743 1142 1816 medicina,
1164 1743 1326 1802 cuius
1346 1762 1456 1822 ego
1476 1745 1761 1803 rationem
1781 1744 1863 1803 vi·-

173 1826 302 1898 de0,
333 1834 392 1885 et
431 1824 728 1892 divinati0‚
761 1844 908 1901 quae
945 1824 1105 1883 unde
1143 1825 1381 1882 oriatur·
1400 1844 1520 1883 non
1554 1824 1861 1903 intellego!

173 1906 265 1963 Tu
319 1914 510 1964 autem
566 1906 742 1964 etiam
785 1905 1101 1963 Deciorum
1146 1904 1556 1962 devotionibus
1600 1905 1861 1982 placatos

175 1986 316 2044 deos
347 2006 468 2045 esse
499 2004 710 2045 3311333.
797 1984 958 2053 Quae
989 1984 1109 2043 fuit
1140 2003 1339 2042 eorum
1371 1991 1537 2043 tauta
1566 1984 1863 2063 iniquitas,

173 2073 241 2123 ut
273 2066 482 2144 placari
512 2066 730 2144 populo
762 2064 1030 2123 Romano
1061 2084 1180 2122 non
1215 2071 1467 2141 possent,
1497 2065 1611 2123 nisi
1642 2066 1752 2123 viri
1777 2072 1862 2123 ta·

173 2145 258 2203 les
285 2146 662 2204 occidissent?
739 2144 1060 2203 Consilium
1089 2144 1233 2203 illud
1260 2144 1694 2222 imperatorium
1722 2146 1859 2219 fuit,

177 2226 334 2303 quod
361 2225 562 2283 Graeci
597 2226 960 2301 στρατήγημα
992 2224 1301 2301 appellant,
1326 2224 1427 2284 sed
1454 2244 1655 2284 eorum
1682 2225 1862 2303 impe⁴

175 2312 448 2374 ratorum,
482 2306 578 2381 qui
625 2306 844 2383 patriae
899 2304 1276 2377 consulerent,
1307 2304 1458 2363 vitae
1504 2324 1625 2363 non
1672 2324 1862 2383 parce-

174 2391 331 2441 rent:
374 2383 644 2442 rebantur
681 2384 837 2443 enim
880 2384 1007 2442 fore
1039 2391 1109 2443 ut
1140 2385 1423 2443 exercitus
1454 2386 1861 2463 imperatorem

175 2482 325 2542 equo
365 2464 606 2522 incitato
647 2484 706 2523 se
735 2466 798 2523 in
833 2464 1062 2522 hostem
1106 2465 1519 2524 immittentem
1562 2484 1863 2543 perseque-

174 2552 346 2616 retur,
376 2544 440 2602 id
473 2544 630 2622 quod
661 2545 868 2604 evenit.
954 2544 1106 2602 Nam
1142 2545 1323 2603 Fauni
1354 2564 1557 2603 vocem
1590 2546 1859 2623 equidem

175 2644 492 2702 numquam
525 2625 751 2683 audivi:
791 2625 919 2696 tibi,
945 2625 995 2681 si
1023 2624 1307 2683 audivisse
1332 2631 1393 2683 te
1426 2625 1586 2698 dicis,
1612 2626 1859 2697 credam,

177 2705 283 2761 etsi
313 2704 541 2762 Faunus
569 2706 805 2763 omnino
841 2705 984 2783 quid
1013 2706 1090 2762 sit
1116 2706 1324 2763 nesci0.
1408 2705 1546 2764 VII.
1592 2704 1729 2763 Non
1755 2706 1863 2783 igi·

177 2792 272 2842 tur
303 2784 507 2857 adhuc,
531 2793 807 2863 quantum
844 2785 1080 2863 quidem
1110 2786 1170 2841 in
1199 2793 1258 2843 te
1290 2790 1394 2856 est,
1418 2784 1620 2857 Balbe,
1642 2786 1862 2844 intelle·-
1892 2848 1904 2855 ,

176 2884 254 2941 go
283 2864 422 2922 deos
453 2884 590 2937 esse,
617 2882 760 2943 quos
792 2865 1061 2942 equidem
1089 2864 1263 2923 eredo
1296 2884 1433 2937 esse,
1458 2865 1560 2923 sed
1586 2865 1732 2923 nihil
1760 2865 1863 2923 do-

175 2951 310 3001 cent
351 2944 546 3002 Stoici.
638 2951 726 3003 16.
772 2944 924 3001 Nam
967 2944 1292 3017 Cleanthes,
1322 2952 1389 3001 ut
1421 2944 1667 3015 dicebas,
1700 2952 1862 3023 quat-

175 3030 310 3080 tuor
341 3025 532 3081 modis
564 3024 880 3082 formatas
867 3042 929 3080 m
957 3023 1167 3080 animis
1194 3024 1499 3081 homiuum
1524 3031 1697 3102 putat
1728 3025 1863 3083 deo-

175 3118 302 3159 rum
333 3122 456 3160 esse
481 3105 761 3161 notiones.
845 3102 1054 3161 Unus
1037 3122 1087 3160 13
1113 3103 1323 3161 ιιιο(1113
1348 3110 1452 3175 est,
1476 3104 1548 3161 de
1577 3123 1693 3182 quo
1721 3105 1863 3163 satis

174 3180 315 3254 dixi,
341 3181 442 3257 qui
467 3188 560 3240 est
583 3188 880 3261 susceptus
907 3202 976 3240 ex
1004 3183 1405 3261 praesensione
1432 3201 1621 3241 rerum
1642 3184 1862 3243 futura·

207 3421 474 3489 Δ
503 3416 510 3421 ’
