2199 3546
457 159 1535 228 Lm.m.,··c·A1>.xx2nu.-xxxv1.‚
1564 159 1595 222 ς
1622 163 1803 212 82-87.
1880 163 1974 212 137

290 264 629 337 vendidisse,
654 263 964 342 exactaque
988 264 1235 341 pecunia
1261 261 1505 322 edixisse
1522 269 1614 334 ut,
1632 262 1800 340 quod
1828 263 1979 340 quis-

289 363 401 421 que
433 365 469 401 a
503 345 676 402 sacris
708 343 959 415 haberet,
982 343 1046 400 id
1085 350 1219 401 ante
1260 343 1414 400 diem
1456 351 1668 400 certam
1703 343 1763 398 in
1806 357 1977 399 suum

289 423 544 501 quidque
569 425 772 481 fanum
802 424 1052 482 referret.
1139 422 1231 480 Ita
1256 423 1330 480 ad
1358 423 1715 498 impietatem
1746 421 1804 478 in
1836 421 1975 478 deon

288 503 350 560 in
380 502 642 561 homines
670 503 934 561 adiunxit
954 503 1239 561 iniuriam.
1309 501 1568 560 XXXV.
1598 501 1775 578 Hunc
1796 500 1979 577 igitur

290 601 396 640 nec
423 581 732 660 Olympius
760 581 1022 660 Iuppiter
1046 581 1295 640 fulmine
1323 581 1603 658 percussit
1624 599 1736 638 vnec
1764 580 1977 638 Aescu-

289 662 475 738 lapius
501 663 712 721 misero
741 661 1130 742 diuturnoque
1156 661 1365 719 morbo
1391 660 1793 718 tabescentem
1808 661 1979 718 inter-

286 742 432 799 emit
459 749 632 819 atque
665 742 728 799 in
761 759 866 800 suo
899 741 1111 800 lectulo
1144 748 1407 798 mortuus
1440 741 1501 797 in
1537 739 1567 816 †
1599 739 1979 816 Tympanidis

289 839 496 898 rogum
523 821 716 880 illatus
749 828 853 891 est,
873 839 1113 898 eamque
1139 826 1505 898 potestatem,
1526 837 1697 896 quam
1726 819 1851 896 ipse
1878 838 1981 896 per

289 901 474 958 scelus
507 906 629 959 erat
655 907 876 970 nactus,
897 901 1058 978 quasi
1085 901 1295 957 iustam
1328 907 1389 957 et
1417 898 1733 976 legitimam
1762 898 1982 956 heredi-

287 981 431 1038 tatis
457 980 586 1038 loco
619 979 742 1038 filio
772 980 1024 1038 tradidit.
1114 985 1207 1038 85.
1244 978 1435 1036 Invita
1466 980 1535 1037 in-
1560 963 1673 1036 Boc
1694 978 1833 1036 loco
1860 998 1981 1036 ver-

291 1068 450 1117 satur
479 1060 700 1118 oratio:
743 1060 968 1118 videtur
995 1060 1151 1117 enim
1180 1059 1581 1118 auctoritatem
1608 1058 1830 1116 adferre
1850 1077 1980 1135 pec-

283 1140 477 1211 candi,
502 1147 562 1198 et
591 1147 748 1198 recte
781 1140 1082 1211 videretur,
1108 1139 1220 1196 nisi
1254 1146 1313 1196 et
1344 1139 1573 1211 virtutis
1614 1145 1673 1195 et
1704 1138 1978 1195 vitiorum

290 1221 412 1278 sine
439 1219 558 1277 ulla
575 1219 772 1277 divina
790 1215 1018 1276 'ratione
1039 1237 1213 1296 grave
1233 1219 1414 1295 ipsius
1435 1217 1817 1275 conscientiae
1836 1236 1980 1294 pono-

291 1299 398 1356 dus
439 1306 603 1371 esset,
629 1319 743 1376 qua
773 1298 998 1356 sublata
1021 1299 1223 1357 'iacent
1250 1297 1461 1355 omnia.
1548 1295 1637 1356 Ut
1676 1297 1829 1354 enim
1872 1316 1979 1354 nec

293 1379 498 1436 domus
530 1397 636 1436 nec
669 1398 758 1436 res
785 1378 1018 1454 publica
1049 1375 1273 1450 ratione
1307 1377 1553 1456 quadam
1589 1383 1648 1434 et
1674 1376 1981 1454 disciplina

295 1459 592 1535 designata
621 1458 900 1531 videatur,
921 1459 968 1514 si
1003 1459 1066 1515 in
1099 1474 1168 1515 ea
1199 1477 1303 1516 nec
1336 1465 1489 1515 recte
1521 1457 1693 1514 factis
1725 1457 1981 1532 praemia

295 1544 520 1596 exstent
545 1537 662 1596 ulla
693 1557 798 1596 nec
829 1537 1117 1615 supplicia
1139 1537 1405 1615 peccatis,
1432 1537 1513 1593 sic
1546 1535 1982 1594 mundidivina

293 1617 354 1674 in
382 1617 644 1675 homines
671 1617 991 1675 moderatio
1011 1616 1277 1694 profecto
1306 1615 1466 1672 nulla
1492 1622 1595 1687 est,
1616 1615 1666 1672 si
1686 1615 1747 1672 in
1776 1634 1843 1673 ea
1868 1614 1981 1672 dis-

290 1697 506 1755 crimen
535 1696 758 1755 nullum
785 1704 884 1754 est·
899 1697 1183 1754 bonorum
1220 1703 1281 1754 et
1306 1696 1607 1753 malorum.

375 1784 468 1835 86.
499 1777 585 1835 At
615 1779 772 1835 enim
814 1777 1040 1834 minora
1082 1777 1145 1834 di
1186 1776 1505 1854 neglegunt
1536 1794 1721 1853 neque
1766 1775 1980 1852 agellos

293 1857 652 1933 singulorum
685 1876 792 1914 nec
822 1856 1086 1914 viticulas
1118 1862 1539 1933 persequuntur
1570 1874 1692 1926 nec,
1718 1855 1766 1912 si
1800 1855 1979 1913 uredo

297 1943 400 1992 aut
431 1931 652 2011 grando
687 1936 986 2012 quippiam
1023 1936 1243 2005 nocuit,
1264 1935 1329 1992 id
1362 1935 1489 1992 Iovi
1530 1934 1982 1993 animadverten-

297 2014 437 2071 dum
467 2014 600 2085 fuit,
623 2032 698 2071 ne
729 2015 806 2070 in·
824 2015 1016 2091 regnis
1051 2014 1285 2091 quidem
1317 2034 1479 2092 reges
1511 2014 1710 2072 omnia
1740 2014 1981 2072 minima

296 2100 534 2152 curant:
577 2094 658 2149 sic
700 2094 852 2151 enim
896 2092 1123 2151 dicitis:
1166 2094 1327 2171 quasi
1368 2114 1476 2172 ego
1518 2094 1692 2173 paulo
1735 2100 1877 2151 ante'
1908 2094 1979 2152 de

294 2172 483 2231 fundo
513 2172 818 2231 Formiano
841 2172 906 2230 P.
929 2172 1133 2230 Rutilii
1162 2172 1270 2231 sim
1299 2181 1547 2251 questus,
1568 2194 1687 2231 non
1714 2173 1788 2231 de
1815 2174 1981 2232 amis-

295 2273 358 2311 sa
385 2252 581 2310 salute.
659 2250 947 2311 XXXVI.
979 2252 1176 2331 Atque
1204 2254 1317 2312 hoc
1343 2254 1574 2331 quidem
1606 2272 1805 2311 omnes
1830 2273 1980 2311 mor-

291 2332 436 2390 tales
463 2333 544 2390 sic
573 2331 803 2403 habent,
827 2343 1088 2391 externas
1117 2334 1801 2405 commoditateffivineta,
1826 2353 1980 2411 sege-
2046 2378 2051 2381 -

291 2420 395 2483 teS,
420 2412 646 2483 oliveta,
671 2412 992 2470 ubertatem
1033 2414 1271 2491 frugum
1313 2419 1373 2471 et
1409 2414 1721 2484 fructuum,
1746 2432 1979 2470 omnem

292 2492 540 2569 denique
569 2492 1044 2551 commoditatem
1072 2493 1627 2570 prosperitatemque
1648 2493 1800 2550 vitae
1828 2512 1863 2549 a
1889 2492 1981 2549 dis

293 2590 352 2628 se
384 2570 611 2642 habere,
634 2572 906 2630 virtutem
941 2580 1135 2629 autem
1168 2591 1343 2630 nemo
1375 2574 1652 2649 umquam
1686 2578 1979 2647 acceptam

293 2650 404 2707 deo
431 2651 670 2709 rettulit.
757 2651 850 2709 87.
887 2650 1179 2712 Nimirum
1213 2659 1400 2710 recte:
1444 2658 1681 2728 propter
1707 2650 1979 2708 virtutem

293 2730 446 2787 enim
489 2730 612 2788 iure
653 2730 956 2789 laudamur
993 2738 1052 2789 et
1091 2732 1156 2787 in
1189 2731 1401 2788 virtute
1442 2738 1593 2787 recte
1634 2728 1977 2805 gloriamur:

295 2808 454 2885 quod
480 2828 598 2866 non
625 2810 1002 2887 contingerem
1025 2810 1075 2868 si
1103 2810 1167 2868 id
1194 2810 1413 2867 donum
1448 2829 1483 2867 a
1513 2810 1641 2878 de0‚
1664 2826 1781 2864 non
1815 2828 1851 2863 a
1881 2826 1982 2865 no-

293 2886 384 2944 bis
410 2887 764 2947 haberemus,
850 2888 936 2946 At
962 2908 1096 2946 vero
1132 2895 1232 2946 aut
1257 2888 1575 2945 honoribus
1606 2886 1761 2942 aucti
1794 2893 1894 2943 aut
1919 2905 1981 2942 re

293 2967 568 3024 familiari
599 2975 700 3025 aut
733 2968 782 3025 si
815 2967 972 3025 aliud
1001 2968 1301 3044 quippiam
1334 2966 1489 3022 nacti
1524 2982 1719 3021 sumus
1752 2963 1981 3018 fortuiti

293 3045 435 3104 boni
457 3053 558 3104 aut
578 3046 905 3122 depulimus
924 3046 1082 3116 mali,
1096 3054 1229 3102 *tum
1252 3045 1342 3101 dis
1362 3042 1575 3117 gratias
1596 3039 1835 3113 agimuS‚
1856 3047 1984 3095 tum

294 3125 442 3183 nihil
484 3131 713 3182 nostrae
754 3125 914 3181 laudi
955 3122 1329 3199 adsumptum
1371 3118 1726 3204 arbitramur.
1827 3115 1984 3171 Num

297 3204 442 3280 quia
465 3204 622 3280 quod
649 3204 839 3261 bonus
866 3204 954 3259 vir
981 3209 1147 3271 esset,
1170 3199 1383 3275 gratias
1410 3196 1504 3252 dis.
1532 3198 1654 3267 eg1t
1680 3193 1985 3268 umquam?
