<?xml version="1.0" encoding="UTF-8"?>
<!DOCTYPE html PUBLIC "-//W3C//DTD XHTML 1.0 Transitional//EN"
    "http://www.w3.org/TR/xhtml1/DTD/xhtml1-transitional.dtd">
<html xmlns="http://www.w3.org/1999/xhtml" xml:lang="en" lang="en">
 <head>
  <title>
</title>
<meta http-equiv="Content-Type" content="text/html;charset=utf-8" />
  <meta name='ocr-system' content='tesseract 3.04.00' />
  <meta name='ocr-capabilities' content='ocr_page ocr_carea ocr_par ocr_line ocrx_word'/>
</head>
<body>
  <div class='ocr_page' id='page_1' title='image "./denaturadeorumd00cicegoog_0270.png"; bbox 0 0 2199 3546; ppageno 0'>
   <div class='ocr_carea' id='block_1_1' title="bbox 191 123 1226 214">
    <p class='ocr_par' dir='ltr' id='par_1_1' title="bbox 191 123 1226 214">
     <span class='ocr_line' id='line_1_1' title="bbox 191 123 1226 214; baseline -0.006 0"><span class='ocrx_word' id='word_1_1' title='bbox 191 161 318 214; x_wconf 62' lang='lat' dir='ltr'><strong>eoo</strong></span> <span class='ocrx_word' id='word_1_2' title='bbox 649 187 654 192; x_wconf 87' lang='lat'>-</span> <span class='ocrx_word' id='word_1_3' title='bbox 887 123 1226 209; x_wconf 63' lang='lat' dir='ltr'><strong>nnn-Amo.</strong></span> 
     </span>
    </p>
   </div>
   <div class='ocr_carea' id='block_1_2' title="bbox 209 258 1967 3281">
    <p class='ocr_par' dir='ltr' id='par_1_2' title="bbox 211 258 1905 879">
     <span class='ocr_line' id='line_1_2' title="bbox 218 258 1905 338; baseline -0.001 -16"><span class='ocrx_word' id='word_1_4' title='bbox 218 283 324 323; x_wconf 81' lang='lat' dir='ltr'><strong>cur</strong></span> <span class='ocrx_word' id='word_1_5' title='bbox 351 261 436 319; x_wconf 84' lang='lat' dir='ltr'><strong>ita</strong></span> <span class='ocrx_word' id='word_1_6' title='bbox 465 258 762 332; x_wconf 86' lang='lat' dir='ltr'><strong>accideret,</strong></span> <span class='ocrx_word' id='word_1_7' title='bbox 786 259 904 334; x_wconf 88' lang='lat' dir='ltr'><strong>sed,</strong></span> <span class='ocrx_word' id='word_1_8' title='bbox 930 260 1086 338; x_wconf 88' lang='lat' dir='ltr'><strong>quod</strong></span> <span class='ocrx_word' id='word_1_9' title='bbox 1120 259 1205 318; x_wconf 86' lang='lat' dir='ltr'><strong>ita</strong></span> <span class='ocrx_word' id='word_1_10' title='bbox 1234 259 1266 336; x_wconf 81' lang='lat'>†</span> <span class='ocrx_word' id='word_1_11' title='bbox 1292 259 1607 333; x_wconf 86' lang='lat' dir='ltr'><strong>accidisset,</strong></span> <span class='ocrx_word' id='word_1_12' title='bbox 1632 269 1785 321; x_wconf 86' lang='lat' dir='ltr'><strong>certe</strong></span> <span class='ocrx_word' id='word_1_13' title='bbox 1816 283 1905 321; x_wconf 80' lang='lat' dir='ltr'><strong>ca-</strong></span> 
     </span>
     <span class='ocr_line' id='line_1_3' title="bbox 221 339 1904 418; baseline -0.001 -16"><span class='ocrx_word' id='word_1_14' title='bbox 221 360 430 413; x_wconf 83' lang='lat' dir='ltr'><strong>surum,</strong></span> <span class='ocrx_word' id='word_1_15' title='bbox 469 340 622 398; x_wconf 86' lang='lat' dir='ltr'><strong>sicut</strong></span> <span class='ocrx_word' id='word_1_16' title='bbox 661 339 887 412; x_wconf 88' lang='lat' dir='ltr'><strong>cecidit,</strong></span> <span class='ocrx_word' id='word_1_17' title='bbox 921 340 1055 397; x_wconf 79' lang='lat' dir='ltr'><strong>fuit.</strong></span> <span class='ocrx_word' id='word_1_18' title='bbox 1154 345 1249 398; x_wconf 86' lang='lat'><strong>20.</strong></span> <span class='ocrx_word' id='word_1_19' title='bbox 1295 339 1417 398; x_wconf 90' lang='lat' dir='ltr'><strong>Nec</strong></span> <span class='ocrx_word' id='word_1_20' title='bbox 1458 340 1521 411; x_wconf 85' lang='lat' dir='ltr'><strong>ii,</strong></span> <span class='ocrx_word' id='word_1_21' title='bbox 1560 341 1659 418; x_wconf 90' lang='lat' dir='ltr'><strong>qui</strong></span> <span class='ocrx_word' id='word_1_22' title='bbox 1700 341 1904 402; x_wconf 86' lang='lat' dir='ltr'><strong>dicunt</strong></span> 
     </span>
     <span class='ocr_line' id='line_1_4' title="bbox 217 419 1901 498; baseline 0.001 -20"><span class='ocrx_word' id='word_1_23' title='bbox 217 419 600 479; x_wconf 87' lang='lat' dir='ltr'><strong>immutabilia</strong></span> <span class='ocrx_word' id='word_1_24' title='bbox 633 437 756 478; x_wconf 88' lang='lat' dir='ltr'><strong>esse</strong></span> <span class='ocrx_word' id='word_1_25' title='bbox 798 439 943 497; x_wconf 88' lang='lat' dir='ltr'><strong>quae</strong></span> <span class='ocrx_word' id='word_1_26' title='bbox 975 421 1177 477; x_wconf 84' lang='lat' dir='ltr'><strong>futura</strong></span> <span class='ocrx_word' id='word_1_27' title='bbox 1214 420 1333 476; x_wconf 89' lang='lat' dir='ltr'><strong>sint</strong></span> <span class='ocrx_word' id='word_1_28' title='bbox 1364 439 1469 478; x_wconf 87' lang='lat' dir='ltr'><strong>nec</strong></span> <span class='ocrx_word' id='word_1_29' title='bbox 1501 439 1671 498; x_wconf 86' lang='lat' dir='ltr'><strong>posse</strong></span> <span class='ocrx_word' id='word_1_30' title='bbox 1703 441 1901 480; x_wconf 86' lang='lat' dir='ltr'><strong>verum</strong></span> 
     </span>
     <span class='ocr_line' id='line_1_5' title="bbox 213 499 1903 571; baseline 0.001 -12"><span class='ocrx_word' id='word_1_31' title='bbox 213 501 476 561; x_wconf 83' lang='lat' dir='ltr'><strong>futurum</strong></span> <span class='ocrx_word' id='word_1_32' title='bbox 505 507 834 559; x_wconf 86' lang='lat' dir='ltr'><strong>convertere</strong></span> <span class='ocrx_word' id='word_1_33' title='bbox 860 501 922 558; x_wconf 91' lang='lat' dir='ltr'><strong>in</strong></span> <span class='ocrx_word' id='word_1_34' title='bbox 949 499 1178 571; x_wconf 84' lang='lat' dir='ltr'><strong>falsum,</strong></span> <span class='ocrx_word' id='word_1_35' title='bbox 1200 499 1313 557; x_wconf 79' lang='lat' dir='ltr'><strong>fati</strong></span> <span class='ocrx_word' id='word_1_36' title='bbox 1338 499 1737 559; x_wconf 83' lang='lat' dir='ltr'><strong>necessitatem</strong></span> <span class='ocrx_word' id='word_1_37' title='bbox 1768 521 1903 560; x_wconf 90' lang='lat' dir='ltr'><strong>con·</strong></span> 
     </span>
     <span class='ocr_line' id='line_1_6' title="bbox 213 579 1901 660; baseline 0.001 -22"><span class='ocrx_word' id='word_1_38' title='bbox 213 580 462 653; x_wconf 88' lang='lat' dir='ltr'><strong>firmant,</strong></span> <span class='ocrx_word' id='word_1_39' title='bbox 498 581 596 638; x_wconf 88' lang='lat' dir='ltr'><strong>sed</strong></span> <span class='ocrx_word' id='word_1_40' title='bbox 634 579 938 639; x_wconf 87' lang='lat' dir='ltr'><strong>verborum</strong></span> <span class='ocrx_word' id='word_1_41' title='bbox 971 580 1090 638; x_wconf 89' lang='lat' dir='ltr'><strong>vim</strong></span> <span class='ocrx_word' id='word_1_42' title='bbox 1126 580 1587 657; x_wconf 72' lang='lat' dir='ltr'><strong>interpretantur.</strong></span> <span class='ocrx_word' id='word_1_43' title='bbox 1670 581 1757 639; x_wconf 90' lang='lat' dir='ltr'><strong>At</strong></span> <span class='ocrx_word' id='word_1_44' title='bbox 1798 582 1901 660; x_wconf 90' lang='lat' dir='ltr'><strong>qui</strong></span> 
     </span>
     <span class='ocr_line' id='line_1_7' title="bbox 212 659 1900 735; baseline -0.001 -15"><span class='ocrx_word' id='word_1_45' title='bbox 212 660 590 720; x_wconf 86' lang='lat' dir='ltr'><strong>introducunt</strong></span> <span class='ocrx_word' id='word_1_46' title='bbox 621 679 918 719; x_wconf 84' lang='lat' dir='ltr'><strong>causarum</strong></span> <span class='ocrx_word' id='word_1_47' title='bbox 957 660 1163 718; x_wconf 87' lang='lat' dir='ltr'><strong>seriem</strong></span> <span class='ocrx_word' id='word_1_48' title='bbox 1204 659 1621 735; x_wconf 86' lang='lat' dir='ltr'><strong>sempiternam,</strong></span> <span class='ocrx_word' id='word_1_49' title='bbox 1656 660 1699 716; x_wconf 91' lang='lat' dir='ltr'><strong>ii</strong></span> <span class='ocrx_word' id='word_1_50' title='bbox 1740 680 1900 718; x_wconf 87' lang='lat' dir='ltr'><strong>men-</strong></span> 
     </span>
     <span class='ocr_line' id='line_1_8' title="bbox 211 739 1897 818; baseline 0 -20"><span class='ocrx_word' id='word_1_51' title='bbox 211 747 333 798; x_wconf 87' lang='lat' dir='ltr'><strong>tem</strong></span> <span class='ocrx_word' id='word_1_52' title='bbox 371 740 627 799; x_wconf 84' lang='lat' dir='ltr'><strong>hominis</strong></span> <span class='ocrx_word' id='word_1_53' title='bbox 665 739 961 799; x_wconf 85' lang='lat' dir='ltr'><strong>voluntate</strong></span> <span class='ocrx_word' id='word_1_54' title='bbox 999 739 1181 798; x_wconf 87' lang='lat' dir='ltr'><strong>libera</strong></span> <span class='ocrx_word' id='word_1_55' title='bbox 1220 739 1521 818; x_wconf 75' lang='lat' dir='ltr'><strong>spoliatam</strong></span> <span class='ocrx_word' id='word_1_56' title='bbox 1560 740 1897 798; x_wconf 71' lang='lat' dir='ltr'><strong>necessitate</strong></span> 
     </span>
     <span class='ocr_line' id='line_1_9' title="bbox 213 820 697 879; baseline 0 -1"><span class='ocrx_word' id='word_1_57' title='bbox 213 821 322 878; x_wconf 83' lang='lat' dir='ltr'><strong>fati</strong></span> <span class='ocrx_word' id='word_1_58' title='bbox 350 820 697 879; x_wconf 88' lang='lat' dir='ltr'><strong>devinciunt.</strong></span> 
     </span>
    </p>

    <p class='ocr_par' dir='ltr' id='par_1_3' title="bbox 209 897 1967 3281">
     <span class='ocr_line' id='line_1_10' title="bbox 292 897 1901 961; baseline -0.002 -2"><span class='ocrx_word' id='word_1_59' title='bbox 292 901 370 959; x_wconf 92' lang='lat' dir='ltr'><strong>X.</strong></span> <span class='ocrx_word' id='word_1_60' title='bbox 427 900 544 958; x_wconf 87' lang='lat' dir='ltr'><strong>Sed</strong></span> <span class='ocrx_word' id='word_1_61' title='bbox 597 899 736 959; x_wconf 89' lang='lat' dir='ltr'><strong>haec</strong></span> <span class='ocrx_word' id='word_1_62' title='bbox 789 901 1081 959; x_wconf 86' lang='lat' dir='ltr'><strong>hactenus.</strong></span> <span class='ocrx_word' id='word_1_63' title='bbox 1167 899 1304 961; x_wconf 84' lang='lat' dir='ltr'><strong>Alia</strong></span> <span class='ocrx_word' id='word_1_64' title='bbox 1350 897 1659 957; x_wconf 64' lang='lat' dir='ltr'><strong>videamus</strong></span> <span class='ocrx_word' id='word_1_65' title='bbox 1750 899 1901 956; x_wconf 87' lang='lat' dir='ltr'><strong>Con-</strong></span> 
     </span>
     <span class='ocr_line' id='line_1_11' title="bbox 211 979 1901 1057; baseline -0.001 -19"><span class='ocrx_word' id='word_1_66' title='bbox 211 980 398 1038; x_wconf 83' lang='lat' dir='ltr'><strong>cludit</strong></span> <span class='ocrx_word' id='word_1_67' title='bbox 439 981 594 1038; x_wconf 88' lang='lat' dir='ltr'><strong>enim</strong></span> <span class='ocrx_word' id='word_1_68' title='bbox 639 979 999 1057; x_wconf 83' lang='lat' dir='ltr'>Chrysippus</span> <span class='ocrx_word' id='word_1_69' title='bbox 1041 979 1155 1037; x_wconf 89' lang='lat' dir='ltr'><strong>hoc</strong></span> <span class='ocrx_word' id='word_1_70' title='bbox 1197 979 1409 1038; x_wconf 87' lang='lat' dir='ltr'><strong>modo:</strong></span> <span class='ocrx_word' id='word_1_71' title='bbox 1470 979 1534 1037; x_wconf 89' lang='lat' dir='ltr'><strong>Si</strong></span> <span class='ocrx_word' id='word_1_72' title='bbox 1576 986 1665 1036; x_wconf 85' lang='lat' dir='ltr'><strong>est</strong></span> <span class='ocrx_word' id='word_1_73' title='bbox 1706 986 1901 1037; x_wconf 88' lang='lat' dir='ltr'><strong>motus</strong></span> 
     </span>
     <span class='ocr_line' id='line_1_12' title="bbox 213 1059 1901 1136; baseline 0 -20"><span class='ocrx_word' id='word_1_74' title='bbox 213 1061 336 1117; x_wconf 87' lang='lat' dir='ltr'><strong>sine</strong></span> <span class='ocrx_word' id='word_1_75' title='bbox 376 1080 560 1131; x_wconf 86' lang='lat' dir='ltr'><strong>causa,</strong></span> <span class='ocrx_word' id='word_1_76' title='bbox 595 1079 713 1116; x_wconf 92' lang='lat' dir='ltr'><strong>non</strong></span> <span class='ocrx_word' id='word_1_77' title='bbox 747 1061 936 1117; x_wconf 88' lang='lat' dir='ltr'><strong>omnis</strong></span> <span class='ocrx_word' id='word_1_78' title='bbox 976 1060 1316 1130; x_wconf 80' lang='lat' dir='ltr'><strong>enuntiatio,</strong></span> <span class='ocrx_word' id='word_1_79' title='bbox 1347 1059 1505 1136; x_wconf 88' lang='lat' dir='ltr'><strong>quod</strong></span> <span class='ocrx_word' id='word_1_80' title='bbox 1536 1059 1750 1136; x_wconf 78' lang='grc' dir='ltr'><strong><em>ἀξίωμα</em></strong></span> <span class='ocrx_word' id='word_1_81' title='bbox 1784 1059 1901 1116; x_wconf 89' lang='lat' dir='ltr'><strong>dia-</strong></span> 
     </span>
     <span class='ocr_line' id='line_1_13' title="bbox 213 1139 1899 1216; baseline 0 -20"><span class='ocrx_word' id='word_1_82' title='bbox 213 1139 400 1198; x_wconf 88' lang='lat' dir='ltr'><strong>lectici</strong></span> <span class='ocrx_word' id='word_1_83' title='bbox 447 1139 754 1216; x_wconf 83' lang='lat' dir='ltr'><strong>appellant,</strong></span> <span class='ocrx_word' id='word_1_84' title='bbox 799 1145 900 1196; x_wconf 87' lang='lat' dir='ltr'><strong>aut</strong></span> <span class='ocrx_word' id='word_1_85' title='bbox 946 1159 1078 1196; x_wconf 90' lang='lat' dir='ltr'><strong>vera</strong></span> <span class='ocrx_word' id='word_1_86' title='bbox 1124 1148 1226 1197; x_wconf 87' lang='lat' dir='ltr'><strong>aut</strong></span> <span class='ocrx_word' id='word_1_87' title='bbox 1270 1140 1418 1196; x_wconf 88' lang='lat' dir='ltr'><strong>falsa</strong></span> <span class='ocrx_word' id='word_1_88' title='bbox 1463 1139 1589 1197; x_wconf 88' lang='lat' dir='ltr'><strong>erit.</strong></span> <span class='ocrx_word' id='word_1_89' title='bbox 1686 1139 1899 1197; x_wconf 85' lang='lat' dir='ltr'><strong>Causas</strong></span> 
     </span>
     <span class='ocr_line' id='line_1_14' title="bbox 214 1217 1898 1295; baseline -0.002 -18"><span class='ocrx_word' id='word_1_90' title='bbox 214 1220 367 1277; x_wconf 88' lang='lat' dir='ltr'><strong>enim</strong></span> <span class='ocrx_word' id='word_1_91' title='bbox 402 1218 711 1277; x_wconf 88' lang='lat' dir='ltr'><strong>efficientes</strong></span> <span class='ocrx_word' id='word_1_92' title='bbox 739 1218 896 1295; x_wconf 90' lang='lat' dir='ltr'><strong>quod</strong></span> <span class='ocrx_word' id='word_1_93' title='bbox 923 1238 1041 1276; x_wconf 88' lang='lat' dir='ltr'><strong>non</strong></span> <span class='ocrx_word' id='word_1_94' title='bbox 1068 1217 1321 1288; x_wconf 86' lang='lat' dir='ltr'><strong>habebit,</strong></span> <span class='ocrx_word' id='word_1_95' title='bbox 1346 1219 1408 1276; x_wconf 88' lang='lat' dir='ltr'><strong>id</strong></span> <span class='ocrx_word' id='word_1_96' title='bbox 1434 1239 1542 1276; x_wconf 89' lang='lat' dir='ltr'><strong>nec</strong></span> <span class='ocrx_word' id='word_1_97' title='bbox 1570 1237 1764 1276; x_wconf 88' lang='lat' dir='ltr'><strong>verum</strong></span> <span class='ocrx_word' id='word_1_98' title='bbox 1792 1237 1898 1275; x_wconf 86' lang='lat' dir='ltr'><strong>nec</strong></span> 
     </span>
     <span class='ocr_line' id='line_1_15' title="bbox 213 1296 1899 1358; baseline -0.001 -3"><span class='ocrx_word' id='word_1_99' title='bbox 213 1298 422 1356; x_wconf 84' lang='lat' dir='ltr'><strong>falsum</strong></span> <span class='ocrx_word' id='word_1_100' title='bbox 455 1298 580 1356; x_wconf 88' lang='lat' dir='ltr'><strong>erit.</strong></span> <span class='ocrx_word' id='word_1_101' title='bbox 664 1296 872 1356; x_wconf 85' lang='lat' dir='ltr'><strong>Omnis</strong></span> <span class='ocrx_word' id='word_1_102' title='bbox 903 1304 1094 1358; x_wconf 86' lang='lat' dir='ltr'><strong>autem</strong></span> <span class='ocrx_word' id='word_1_103' title='bbox 1139 1298 1463 1356; x_wconf 83' lang='lat' dir='ltr'><strong>enuntiatio</strong></span> <span class='ocrx_word' id='word_1_104' title='bbox 1494 1306 1599 1356; x_wconf 87' lang='lat' dir='ltr'><strong>aut</strong></span> <span class='ocrx_word' id='word_1_105' title='bbox 1631 1317 1761 1356; x_wconf 88' lang='lat' dir='ltr'><strong>vera</strong></span> <span class='ocrx_word' id='word_1_106' title='bbox 1800 1305 1899 1354; x_wconf 89' lang='lat' dir='ltr'><strong>aut</strong></span> 
     </span>
     <span class='ocr_line' id='line_1_16' title="bbox 213 1376 1895 1456; baseline 0 -20"><span class='ocrx_word' id='word_1_107' title='bbox 213 1378 358 1436; x_wconf 83' lang='lat' dir='ltr'><strong>falsa</strong></span> <span class='ocrx_word' id='word_1_108' title='bbox 399 1385 502 1436; x_wconf 88' lang='lat' dir='ltr'><strong>est.</strong></span> <span class='ocrx_word' id='word_1_109' title='bbox 585 1376 782 1437; x_wconf 87' lang='lat' dir='ltr'><strong>Motus</strong></span> <span class='ocrx_word' id='word_1_110' title='bbox 825 1397 963 1456; x_wconf 86' lang='lat' dir='ltr'><strong>ergo</strong></span> <span class='ocrx_word' id='word_1_111' title='bbox 1007 1379 1132 1436; x_wconf 87' lang='lat' dir='ltr'><strong>sine</strong></span> <span class='ocrx_word' id='word_1_112' title='bbox 1170 1395 1343 1435; x_wconf 88' lang='lat' dir='ltr'><strong>causa</strong></span> <span class='ocrx_word' id='word_1_113' title='bbox 1380 1377 1573 1436; x_wconf 89' lang='lat' dir='ltr'><strong>nullus</strong></span> <span class='ocrx_word' id='word_1_114' title='bbox 1614 1385 1717 1436; x_wconf 90' lang='lat' dir='ltr'><strong>est.</strong></span> <span class='ocrx_word' id='word_1_115' title='bbox 1802 1384 1895 1436; x_wconf 83' lang='lat'><strong>21.</strong></span> 
     </span>
     <span class='ocr_line' id='line_1_17' title="bbox 214 1457 1903 1537; baseline -0.002 -20"><span class='ocrx_word' id='word_1_116' title='bbox 214 1458 386 1528; x_wconf 82' lang='lat' dir='ltr'><strong>Quod</strong></span> <span class='ocrx_word' id='word_1_117' title='bbox 417 1459 466 1516; x_wconf 90' lang='lat' dir='ltr'><strong>si</strong></span> <span class='ocrx_word' id='word_1_118' title='bbox 493 1458 577 1516; x_wconf 90' lang='lat' dir='ltr'><strong>ita</strong></span> <span class='ocrx_word' id='word_1_119' title='bbox 607 1465 713 1530; x_wconf 89' lang='lat' dir='ltr'><strong>est,</strong></span> <span class='ocrx_word' id='word_1_120' title='bbox 745 1459 955 1531; x_wconf 87' lang='lat' dir='ltr'><strong>omnia,</strong></span> <span class='ocrx_word' id='word_1_121' title='bbox 985 1477 1131 1537; x_wconf 87' lang='lat' dir='ltr'><strong>quae</strong></span> <span class='ocrx_word' id='word_1_122' title='bbox 1163 1457 1328 1529; x_wconf 84' lang='lat' dir='ltr'><strong>fiunt,</strong></span> <span class='ocrx_word' id='word_1_123' title='bbox 1352 1458 1535 1515; x_wconf 88' lang='lat' dir='ltr'><strong>causis</strong></span> <span class='ocrx_word' id='word_1_124' title='bbox 1566 1457 1717 1516; x_wconf 88' lang='lat' dir='ltr'><strong>fiunt</strong></span> <span class='ocrx_word' id='word_1_125' title='bbox 1748 1464 1903 1515; x_wconf 87' lang='lat' dir='ltr'><strong>ante-</strong></span> 
     </span>
     <span class='ocr_line' id='line_1_18' title="bbox 212 1537 1903 1616; baseline -0.001 -20"><span class='ocrx_word' id='word_1_126' title='bbox 212 1540 435 1616; x_wconf 77' lang='lat' dir='ltr'><strong>gressis,</strong></span> <span class='ocrx_word' id='word_1_127' title='bbox 520 1538 592 1597; x_wconf 90' lang='lat' dir='ltr'><strong>Id</strong></span> <span class='ocrx_word' id='word_1_128' title='bbox 635 1539 684 1596; x_wconf 88' lang='lat' dir='ltr'><strong>si</strong></span> <span class='ocrx_word' id='word_1_129' title='bbox 727 1539 810 1597; x_wconf 87' lang='lat' dir='ltr'><strong>ita</strong></span> <span class='ocrx_word' id='word_1_130' title='bbox 851 1546 955 1610; x_wconf 92' lang='lat' dir='ltr'><strong>est,</strong></span> <span class='ocrx_word' id='word_1_131' title='bbox 991 1538 1187 1596; x_wconf 89' lang='lat' dir='ltr'><strong>omnia</strong></span> <span class='ocrx_word' id='word_1_132' title='bbox 1229 1539 1355 1596; x_wconf 84' lang='lat' dir='ltr'><strong>fato</strong></span> <span class='ocrx_word' id='word_1_133' title='bbox 1396 1537 1557 1595; x_wconf 87' lang='lat' dir='ltr'><strong>fiunt.</strong></span> <span class='ocrx_word' id='word_1_134' title='bbox 1640 1537 1903 1594; x_wconf 86' lang='lat' dir='ltr'><strong>Efficitur</strong></span> 
     </span>
     <span class='ocr_line' id='line_1_19' title="bbox 209 1611 1897 1696; baseline -0.002 -20"><span class='ocrx_word' id='word_1_135' title='bbox 209 1619 392 1695; x_wconf 86' lang='lat' dir='ltr'><strong>igitur</strong></span> <span class='ocrx_word' id='word_1_136' title='bbox 417 1619 544 1676; x_wconf 85' lang='lat' dir='ltr'><strong>fato</strong></span> <span class='ocrx_word' id='word_1_137' title='bbox 570 1617 693 1676; x_wconf 87' lang='lat' dir='ltr'><strong>fieri</strong></span> <span class='ocrx_word' id='word_1_138' title='bbox 723 1636 1114 1696; x_wconf 85' lang='lat' dir='ltr'><strong>quaecumque</strong></span> <span class='ocrx_word' id='word_1_139' title='bbox 1141 1617 1298 1675; x_wconf 85' lang='lat' dir='ltr'><strong>fiant.</strong></span> <span class='ocrx_word' id='word_1_140' title='bbox 1370 1617 1486 1674; x_wconf 88' lang='lat' dir='ltr'><strong>Hic</strong></span> <span class='ocrx_word' id='word_1_141' title='bbox 1513 1615 1765 1694; x_wconf 81' lang='lat' dir='ltr'><strong>primum</strong></span> <span class='ocrx_word' id='word_1_142' title='bbox 1798 1611 1897 1695; x_wconf 88' lang='lat' dir='ltr'><strong>[si]</strong></span> 
     </span>
     <span class='ocr_line' id='line_1_20' title="bbox 213 1697 1902 1776; baseline -0.001 -22"><span class='ocrx_word' id='word_1_143' title='bbox 213 1698 359 1756; x_wconf 89' lang='lat' dir='ltr'><strong>mihi</strong></span> <span class='ocrx_word' id='word_1_144' title='bbox 380 1697 555 1756; x_wconf 85' lang='lat' dir='ltr'><strong>libeat</strong></span> <span class='ocrx_word' id='word_1_145' title='bbox 580 1697 853 1755; x_wconf 84' lang='lat' dir='ltr'><strong>adsentiri</strong></span> <span class='ocrx_word' id='word_1_146' title='bbox 875 1698 1125 1776; x_wconf 84' lang='lat' dir='ltr'><strong>Epicuro</strong></span> <span class='ocrx_word' id='word_1_147' title='bbox 1152 1704 1213 1754; x_wconf 89' lang='lat' dir='ltr'><strong>et</strong></span> <span class='ocrx_word' id='word_1_148' title='bbox 1232 1716 1439 1775; x_wconf 89' lang='lat' dir='ltr'><strong>negare</strong></span> <span class='ocrx_word' id='word_1_149' title='bbox 1469 1716 1699 1754; x_wconf 88' lang='lat' dir='ltr'><strong>omnem</strong></span> <span class='ocrx_word' id='word_1_150' title='bbox 1726 1715 1902 1754; x_wconf 88' lang='lat' dir='ltr'><strong>enun-</strong></span> 
     </span>
     <span class='ocr_line' id='line_1_21' title="bbox 213 1777 1903 1854; baseline -0.002 -18"><span class='ocrx_word' id='word_1_151' title='bbox 213 1780 514 1837; x_wconf 87' lang='lat' dir='ltr'><strong>tiationem</strong></span> <span class='ocrx_word' id='word_1_152' title='bbox 559 1786 662 1836; x_wconf 87' lang='lat' dir='ltr'><strong>aut</strong></span> <span class='ocrx_word' id='word_1_153' title='bbox 701 1798 892 1837; x_wconf 86' lang='lat' dir='ltr'><strong>veram</strong></span> <span class='ocrx_word' id='word_1_154' title='bbox 937 1796 1058 1835; x_wconf 90' lang='lat' dir='ltr'><strong>esse</strong></span> <span class='ocrx_word' id='word_1_155' title='bbox 1102 1785 1204 1836; x_wconf 89' lang='lat' dir='ltr'><strong>aut</strong></span> <span class='ocrx_word' id='word_1_156' title='bbox 1246 1778 1467 1848; x_wconf 83' lang='lat' dir='ltr'><strong>falsam,</strong></span> <span class='ocrx_word' id='word_1_157' title='bbox 1504 1796 1630 1834; x_wconf 87' lang='lat' dir='ltr'><strong>eam</strong></span> <span class='ocrx_word' id='word_1_158' title='bbox 1670 1777 1903 1854; x_wconf 78' lang='lat' dir='ltr'><strong>plagam</strong></span> 
     </span>
     <span class='ocr_line' id='line_1_22' title="bbox 213 1855 1898 1936; baseline -0.001 -20"><span class='ocrx_word' id='word_1_159' title='bbox 213 1860 411 1935; x_wconf 89' lang='lat' dir='ltr'><strong>potius</strong></span> <span class='ocrx_word' id='word_1_160' title='bbox 450 1859 725 1936; x_wconf 78' lang='lat' dir='ltr'><strong>accipiam</strong></span> <span class='ocrx_word' id='word_1_161' title='bbox 762 1878 934 1935; x_wconf 88' lang='lat' dir='ltr'><strong>quam</strong></span> <span class='ocrx_word' id='word_1_162' title='bbox 968 1859 1092 1915; x_wconf 82' lang='lat' dir='ltr'><strong>fato</strong></span> <span class='ocrx_word' id='word_1_163' title='bbox 1127 1858 1321 1915; x_wconf 87' lang='lat' dir='ltr'><strong>omnia</strong></span> <span class='ocrx_word' id='word_1_164' title='bbox 1354 1855 1476 1913; x_wconf 87' lang='lat' dir='ltr'><strong>fieri</strong></span> <span class='ocrx_word' id='word_1_165' title='bbox 1510 1856 1898 1933; x_wconf 87' lang='lat' dir='ltr'><strong>comprobem.</strong></span> 
     </span>
     <span class='ocr_line' id='line_1_23' title="bbox 216 1935 1902 2015; baseline 0 -21"><span class='ocrx_word' id='word_1_166' title='bbox 216 1938 323 1995; x_wconf 86' lang='lat' dir='ltr'><strong>Illa</strong></span> <span class='ocrx_word' id='word_1_167' title='bbox 355 1939 508 1996; x_wconf 88' lang='lat' dir='ltr'><strong>enim</strong></span> <span class='ocrx_word' id='word_1_168' title='bbox 541 1939 826 1997; x_wconf 86' lang='lat' dir='ltr'><strong>sententia</strong></span> <span class='ocrx_word' id='word_1_169' title='bbox 859 1937 1076 2015; x_wconf 86' lang='lat' dir='ltr'><strong>aliquid</strong></span> <span class='ocrx_word' id='word_1_170' title='bbox 1103 1937 1279 1995; x_wconf 89' lang='lat' dir='ltr'><strong>habet</strong></span> <span class='ocrx_word' id='word_1_171' title='bbox 1306 1936 1731 2014; x_wconf 80' lang='lat' dir='ltr'><strong>disputationis,</strong></span> <span class='ocrx_word' id='word_1_172' title='bbox 1762 1935 1902 1994; x_wconf 87' lang='lat' dir='ltr'><strong>haec</strong></span> 
     </span>
     <span class='ocr_line' id='line_1_24' title="bbox 217 2014 1903 2095; baseline -0.001 -21"><span class='ocrx_word' id='word_1_173' title='bbox 217 2038 351 2075; x_wconf 87' lang='lat' dir='ltr'><strong>vero</strong></span> <span class='ocrx_word' id='word_1_174' title='bbox 397 2037 517 2075; x_wconf 89' lang='lat' dir='ltr'><strong>non</strong></span> <span class='ocrx_word' id='word_1_175' title='bbox 563 2025 652 2076; x_wconf 90' lang='lat' dir='ltr'><strong>est</strong></span> <span class='ocrx_word' id='word_1_176' title='bbox 699 2018 1025 2077; x_wconf 66' lang='lat' dir='ltr'><strong>tolerabilis</strong></span> <span class='ocrx_word' id='word_1_177' title='bbox 1113 2018 1315 2095; x_wconf 87' lang='lat' dir='ltr'><strong>Itaque</strong></span> <span class='ocrx_word' id='word_1_178' title='bbox 1359 2014 1660 2073; x_wconf 85' lang='lat' dir='ltr'><strong>contendit</strong></span> <span class='ocrx_word' id='word_1_179' title='bbox 1702 2034 1903 2073; x_wconf 87' lang='lat' dir='ltr'><strong>omnes</strong></span> 
     </span>
     <span class='ocr_line' id='line_1_25' title="bbox 215 2095 1904 2176; baseline -0.002 -21"><span class='ocrx_word' id='word_1_180' title='bbox 215 2117 420 2157; x_wconf 89' lang='lat' dir='ltr'><strong>nervos</strong></span> <span class='ocrx_word' id='word_1_181' title='bbox 453 2098 828 2176; x_wconf 76' lang='lat' dir='ltr'><strong>ChrysippuS,</strong></span> <span class='ocrx_word' id='word_1_182' title='bbox 859 2105 925 2156; x_wconf 86' lang='lat' dir='ltr'><strong>ut</strong></span> <span class='ocrx_word' id='word_1_183' title='bbox 956 2098 1297 2175; x_wconf 84' lang='lat' dir='ltr'><strong>persuadeat</strong></span> <span class='ocrx_word' id='word_1_184' title='bbox 1336 2114 1508 2153; x_wconf 88' lang='lat' dir='ltr'><strong>omne</strong></span> <span class='ocrx_word' id='word_1_185' title='bbox 1548 2095 1762 2171; x_wconf 78' lang='grc' dir='ltr'>ἀξίωμα</span> <span class='ocrx_word' id='word_1_186' title='bbox 1803 2105 1904 2153; x_wconf 88' lang='lat' dir='ltr'><strong>aut</strong></span> 
     </span>
     <span class='ocr_line' id='line_1_26' title="bbox 217 2174 1907 2251; baseline -0.002 -16"><span class='ocrx_word' id='word_1_187' title='bbox 217 2198 414 2236; x_wconf 87' lang='lat' dir='ltr'><strong>verum</strong></span> <span class='ocrx_word' id='word_1_188' title='bbox 447 2196 570 2236; x_wconf 89' lang='lat' dir='ltr'><strong>esse</strong></span> <span class='ocrx_word' id='word_1_189' title='bbox 601 2186 704 2236; x_wconf 89' lang='lat' dir='ltr'><strong>aut</strong></span> <span class='ocrx_word' id='word_1_190' title='bbox 734 2178 961 2235; x_wconf 85' lang='lat' dir='ltr'><strong>falsum.</strong></span> <span class='ocrx_word' id='word_1_191' title='bbox 1045 2177 1136 2236; x_wconf 86' lang='lat' dir='ltr'><strong>Ut</strong></span> <span class='ocrx_word' id='word_1_192' title='bbox 1176 2178 1330 2234; x_wconf 88' lang='lat' dir='ltr'><strong>enim</strong></span> <span class='ocrx_word' id='word_1_193' title='bbox 1365 2174 1647 2251; x_wconf 85' lang='lat' dir='ltr'><strong>Epicurus</strong></span> <span class='ocrx_word' id='word_1_194' title='bbox 1677 2184 1907 2232; x_wconf 85' lang='lat' dir='ltr'><strong>veretur</strong></span> 
     </span>
     <span class='ocr_line' id='line_1_27' title="bbox 219 2253 1904 2328; baseline -0.001 -15"><span class='ocrx_word' id='word_1_195' title='bbox 219 2277 306 2328; x_wconf 89' lang='lat' dir='ltr'><strong>ne,</strong></span> <span class='ocrx_word' id='word_1_196' title='bbox 351 2258 400 2314; x_wconf 90' lang='lat' dir='ltr'><strong>si</strong></span> <span class='ocrx_word' id='word_1_197' title='bbox 447 2256 558 2314; x_wconf 90' lang='lat' dir='ltr'><strong>hoc</strong></span> <span class='ocrx_word' id='word_1_198' title='bbox 607 2258 964 2328; x_wconf 83' lang='lat' dir='ltr'><strong>concesserit,</strong></span> <span class='ocrx_word' id='word_1_199' title='bbox 1006 2256 1437 2314; x_wconf 86' lang='lat' dir='ltr'><strong>concedendum</strong></span> <span class='ocrx_word' id='word_1_200' title='bbox 1487 2254 1563 2311; x_wconf 86' lang='lat' dir='ltr'><strong>sit</strong></span> <span class='ocrx_word' id='word_1_201' title='bbox 1611 2255 1735 2312; x_wconf 82' lang='lat' dir='ltr'><strong>fato</strong></span> <span class='ocrx_word' id='word_1_202' title='bbox 1780 2253 1904 2311; x_wconf 91' lang='lat' dir='ltr'><strong>fieri</strong></span> 
     </span>
     <span class='ocr_line' id='line_1_28' title="bbox 219 2335 1905 2414; baseline -0.002 -20"><span class='ocrx_word' id='word_1_203' title='bbox 219 2354 608 2414; x_wconf 88' lang='lat' dir='ltr'><strong>quaecumque</strong></span> <span class='ocrx_word' id='word_1_204' title='bbox 636 2335 907 2393; x_wconf 85' lang='lat' dir='ltr'><strong>fiant—si</strong></span> <span class='ocrx_word' id='word_1_205' title='bbox 941 2336 1094 2393; x_wconf 89' lang='lat' dir='ltr'><strong>enim</strong></span> <span class='ocrx_word' id='word_1_206' title='bbox 1129 2335 1371 2393; x_wconf 85' lang='lat' dir='ltr'><strong>alterum</strong></span> <span class='ocrx_word' id='word_1_207' title='bbox 1404 2342 1599 2392; x_wconf 90' lang='lat' dir='ltr'><strong>utrum</strong></span> <span class='ocrx_word' id='word_1_208' title='bbox 1630 2354 1701 2392; x_wconf 85' lang='lat' dir='ltr'><strong>ex</strong></span> <span class='ocrx_word' id='word_1_209' title='bbox 1728 2342 1905 2391; x_wconf 89' lang='lat' dir='ltr'><strong>aeter-</strong></span> 
     </span>
     <span class='ocr_line' id='line_1_29' title="bbox 217 2414 1900 2486; baseline -0.002 -14"><span class='ocrx_word' id='word_1_210' title='bbox 217 2416 398 2473; x_wconf 84' lang='lat' dir='ltr'><strong>nitate</strong></span> <span class='ocrx_word' id='word_1_211' title='bbox 427 2434 623 2471; x_wconf 83' lang='lat' dir='ltr'><strong>verum</strong></span> <span class='ocrx_word' id='word_1_212' title='bbox 657 2415 750 2486; x_wconf 90' lang='lat' dir='ltr'><strong>sit,</strong></span> <span class='ocrx_word' id='word_1_213' title='bbox 773 2434 894 2472; x_wconf 88' lang='lat' dir='ltr'><strong>esse</strong></span> <span class='ocrx_word' id='word_1_214' title='bbox 921 2415 984 2472; x_wconf 92' lang='lat' dir='ltr'><strong>id</strong></span> <span class='ocrx_word' id='word_1_215' title='bbox 1011 2415 1186 2471; x_wconf 87' lang='lat' dir='ltr'><strong>etiam</strong></span> <span class='ocrx_word' id='word_1_216' title='bbox 1220 2421 1456 2485; x_wconf 88' lang='lat' dir='ltr'><strong>certum,</strong></span> <span class='ocrx_word' id='word_1_217' title='bbox 1482 2420 1555 2485; x_wconf 90' lang='lat' dir='ltr'><strong>et,</strong></span> <span class='ocrx_word' id='word_1_218' title='bbox 1586 2414 1635 2471; x_wconf 87' lang='lat' dir='ltr'><strong>si</strong></span> <span class='ocrx_word' id='word_1_219' title='bbox 1664 2420 1900 2485; x_wconf 86' lang='lat' dir='ltr'><strong>certum,</strong></span> 
     </span>
     <span class='ocr_line' id='line_1_30' title="bbox 218 2493 1905 2553; baseline -0.002 -1"><span class='ocrx_word' id='word_1_220' title='bbox 218 2497 392 2553; x_wconf 86' lang='lat' dir='ltr'><strong>etiam</strong></span> <span class='ocrx_word' id='word_1_221' title='bbox 420 2494 831 2552; x_wconf 86' lang='lat' dir='ltr'><strong>necessarium:</strong></span> <span class='ocrx_word' id='word_1_222' title='bbox 866 2494 948 2551; x_wconf 86' lang='lat' dir='ltr'><strong>ita</strong></span> <span class='ocrx_word' id='word_1_223' title='bbox 974 2500 1032 2551; x_wconf 89' lang='lat' dir='ltr'><strong>et</strong></span> <span class='ocrx_word' id='word_1_224' title='bbox 1053 2493 1446 2552; x_wconf 87' lang='lat' dir='ltr'><strong>necessitatem</strong></span> <span class='ocrx_word' id='word_1_225' title='bbox 1479 2501 1537 2551; x_wconf 92' lang='lat' dir='ltr'><strong>et</strong></span> <span class='ocrx_word' id='word_1_226' title='bbox 1556 2494 1744 2551; x_wconf 81' lang='lat' dir='ltr'><strong>fatum</strong></span> <span class='ocrx_word' id='word_1_227' title='bbox 1773 2512 1905 2550; x_wconf 88' lang='lat' dir='ltr'><strong>con-</strong></span> 
     </span>
     <span class='ocr_line' id='line_1_31' title="bbox 217 2572 1905 2651; baseline -0.001 -20"><span class='ocrx_word' id='word_1_228' title='bbox 217 2574 429 2632; x_wconf 87' lang='lat' dir='ltr'><strong>firmari</strong></span> <span class='ocrx_word' id='word_1_229' title='bbox 458 2574 786 2651; x_wconf 89' lang='lat' dir='ltr'><strong>putat—sic</strong></span> <span class='ocrx_word' id='word_1_230' title='bbox 819 2573 1181 2651; x_wconf 83' lang='lat' dir='ltr'><strong>Chrysippus</strong></span> <span class='ocrx_word' id='word_1_231' title='bbox 1211 2574 1421 2632; x_wconf 87' lang='lat' dir='ltr'><strong>metuit</strong></span> <span class='ocrx_word' id='word_1_232' title='bbox 1452 2593 1541 2644; x_wconf 90' lang='lat' dir='ltr'><strong>ne,</strong></span> <span class='ocrx_word' id='word_1_233' title='bbox 1573 2574 1622 2630; x_wconf 91' lang='lat' dir='ltr'><strong>si</strong></span> <span class='ocrx_word' id='word_1_234' title='bbox 1655 2592 1772 2630; x_wconf 88' lang='lat' dir='ltr'><strong>non</strong></span> <span class='ocrx_word' id='word_1_235' title='bbox 1807 2572 1905 2630; x_wconf 91' lang='lat' dir='ltr'><strong>ob-</strong></span> 
     </span>
     <span class='ocr_line' id='line_1_32' title="bbox 217 2654 1967 2733; baseline -0.002 -21"><span class='ocrx_word' id='word_1_236' title='bbox 217 2654 474 2726; x_wconf 88' lang='lat' dir='ltr'><strong>tinuerit,</strong></span> <span class='ocrx_word' id='word_1_237' title='bbox 503 2672 691 2725; x_wconf 89' lang='lat' dir='ltr'><strong>omnc,</strong></span> <span class='ocrx_word' id='word_1_238' title='bbox 722 2654 879 2733; x_wconf 90' lang='lat' dir='ltr'><strong>quod</strong></span> <span class='ocrx_word' id='word_1_239' title='bbox 911 2654 1257 2725; x_wconf 87' lang='lat' dir='ltr'><strong>enuntiet-ur,</strong></span> <span class='ocrx_word' id='word_1_240' title='bbox 1286 2660 1387 2711; x_wconf 88' lang='lat' dir='ltr'><strong>aut</strong></span> <span class='ocrx_word' id='word_1_241' title='bbox 1418 2672 1614 2710; x_wconf 85' lang='lat' dir='ltr'><strong>verum</strong></span> <span class='ocrx_word' id='word_1_242' title='bbox 1650 2670 1771 2710; x_wconf 86' lang='lat' dir='ltr'><strong>csse</strong></span> <span class='ocrx_word' id='word_1_243' title='bbox 1805 2660 1906 2709; x_wconf 86' lang='lat' dir='ltr'><strong>aut</strong></span> <span class='ocrx_word' id='word_1_244' title='bbox 1958 2660 1967 2671; x_wconf 83' lang='lat'><strong><em>&#39;</em></strong></span> 
     </span>
     <span class='ocr_line' id='line_1_33' title="bbox 217 2732 1906 2805; baseline -0.002 -14"><span class='ocrx_word' id='word_1_245' title='bbox 217 2734 446 2805; x_wconf 81' lang='lat' dir='ltr'><strong>falsum,</strong></span> <span class='ocrx_word' id='word_1_246' title='bbox 465 2753 584 2791; x_wconf 89' lang='lat' dir='ltr'><strong>non</strong></span> <span class='ocrx_word' id='word_1_247' title='bbox 605 2740 798 2792; x_wconf 88' lang='lat' dir='ltr'><strong>teneat</strong></span> <span class='ocrx_word' id='word_1_248' title='bbox 825 2734 1019 2791; x_wconf 89' lang='lat' dir='ltr'><strong>omnia</strong></span> <span class='ocrx_word' id='word_1_249' title='bbox 1038 2733 1164 2790; x_wconf 82' lang='lat' dir='ltr'><strong>fato</strong></span> <span class='ocrx_word' id='word_1_250' title='bbox 1190 2732 1313 2790; x_wconf 88' lang='lat' dir='ltr'><strong>fieri</strong></span> <span class='ocrx_word' id='word_1_251' title='bbox 1340 2739 1402 2790; x_wconf 88' lang='lat' dir='ltr'><strong>et</strong></span> <span class='ocrx_word' id='word_1_252' title='bbox 1421 2751 1490 2789; x_wconf 85' lang='lat' dir='ltr'><strong>ex</strong></span> <span class='ocrx_word' id='word_1_253' title='bbox 1518 2733 1703 2789; x_wconf 87' lang='lat' dir='ltr'><strong>causis</strong></span> <span class='ocrx_word' id='word_1_254' title='bbox 1730 2738 1906 2789; x_wconf 88' lang='lat' dir='ltr'><strong>aeter-</strong></span> 
     </span>
     <span class='ocr_line' id='line_1_34' title="bbox 219 2812 1905 2889; baseline -0.001 -18"><span class='ocrx_word' id='word_1_255' title='bbox 219 2815 309 2871; x_wconf 89' lang='lat' dir='ltr'><strong>nis</strong></span> <span class='ocrx_word' id='word_1_256' title='bbox 334 2832 526 2872; x_wconf 89' lang='lat' dir='ltr'><strong>rerum</strong></span> <span class='ocrx_word' id='word_1_257' title='bbox 545 2814 884 2872; x_wconf 86' lang='lat' dir='ltr'><strong>futurarum.</strong></span> <span class='ocrx_word' id='word_1_258' title='bbox 951 2818 1043 2870; x_wconf 83' lang='lat'><strong>22.</strong></span> <span class='ocrx_word' id='word_1_259' title='bbox 1081 2812 1193 2870; x_wconf 86' lang='lat' dir='ltr'><strong>Sed</strong></span> <span class='ocrx_word' id='word_1_260' title='bbox 1219 2812 1499 2889; x_wconf 88' lang='lat' dir='ltr'><strong>Epicurus</strong></span> <span class='ocrx_word' id='word_1_261' title='bbox 1521 2812 1905 2869; x_wconf 82' lang='lat' dir='ltr'><strong>declinatione</strong></span> 
     </span>
     <span class='ocr_line' id='line_1_35' title="bbox 218 2890 1906 2969; baseline -0.001 -19"><span class='ocrx_word' id='word_1_262' title='bbox 218 2894 398 2951; x_wconf 88' lang='lat' dir='ltr'><strong>atomi</strong></span> <span class='ocrx_word' id='word_1_263' title='bbox 433 2894 600 2951; x_wconf 88' lang='lat' dir='ltr'><strong>vitari</strong></span> <span class='ocrx_word' id='word_1_264' title='bbox 632 2893 741 2950; x_wconf 83' lang='lat' dir='ltr'><strong>fati</strong></span> <span class='ocrx_word' id='word_1_265' title='bbox 773 2893 1168 2950; x_wconf 88' lang='lat' dir='ltr'><strong>necessitatem</strong></span> <span class='ocrx_word' id='word_1_266' title='bbox 1198 2899 1380 2969; x_wconf 89' lang='lat' dir='ltr'><strong>putat.</strong></span> <span class='ocrx_word' id='word_1_267' title='bbox 1465 2890 1669 2968; x_wconf 86' lang='lat' dir='ltr'><strong>Itaque</strong></span> <span class='ocrx_word' id='word_1_268' title='bbox 1700 2892 1906 2949; x_wconf 87' lang='lat' dir='ltr'><strong>tertius</strong></span> 
     </span>
     <span class='ocr_line' id='line_1_36' title="bbox 219 2971 1905 3049; baseline -0.001 -20"><span class='ocrx_word' id='word_1_269' title='bbox 219 2973 455 3049; x_wconf 87' lang='lat' dir='ltr'><strong>quidam</strong></span> <span class='ocrx_word' id='word_1_270' title='bbox 495 2979 690 3029; x_wconf 87' lang='lat' dir='ltr'><strong>motus</strong></span> <span class='ocrx_word' id='word_1_271' title='bbox 731 2972 913 3027; x_wconf 85' lang='lat' dir='ltr'><strong>oritur</strong></span> <span class='ocrx_word' id='word_1_272' title='bbox 945 2979 1105 3029; x_wconf 85' lang='lat' dir='ltr'><strong>extra</strong></span> <span class='ocrx_word' id='word_1_273' title='bbox 1136 2972 1365 3048; x_wconf 88' lang='lat' dir='ltr'><strong>pondus</strong></span> <span class='ocrx_word' id='word_1_274' title='bbox 1397 2978 1457 3029; x_wconf 89' lang='lat' dir='ltr'><strong>et</strong></span> <span class='ocrx_word' id='word_1_275' title='bbox 1486 2971 1735 3048; x_wconf 82' lang='lat' dir='ltr'><strong>plagam,</strong></span> <span class='ocrx_word' id='word_1_276' title='bbox 1770 2989 1905 3027; x_wconf 88' lang='lat' dir='ltr'><strong>cum</strong></span> 
     </span>
     <span class='ocr_line' id='line_1_37' title="bbox 219 3049 1903 3128; baseline -0.002 -20"><span class='ocrx_word' id='word_1_277' title='bbox 219 3052 467 3108; x_wconf 86' lang='lat' dir='ltr'><strong>declinat</strong></span> <span class='ocrx_word' id='word_1_278' title='bbox 487 3058 714 3107; x_wconf 87' lang='lat' dir='ltr'><strong>atomus</strong></span> <span class='ocrx_word' id='word_1_279' title='bbox 741 3049 1036 3106; x_wconf 83' lang='lat' dir='ltr'><strong>intervallo</strong></span> <span class='ocrx_word' id='word_1_280' title='bbox 1057 3051 1303 3109; x_wconf 90' lang='lat' dir='ltr'><strong>minimo</strong></span> <span class='ocrx_word' id='word_1_281' title='bbox 1323 3069 1337 3109; x_wconf 76' lang='grc' dir='ltr'><strong><em>ε</em></strong></span> <span class='ocrx_word' id='word_1_282' title='bbox 1372 3051 1435 3108; x_wconf 91' lang='lat' dir='ltr'><strong>id</strong></span> <span class='ocrx_word' id='word_1_283' title='bbox 1455 3051 1707 3128; x_wconf 88' lang='lat' dir='ltr'><strong>appellat</strong></span> <span class='ocrx_word' id='word_1_284' title='bbox 1726 3050 1903 3127; x_wconf 80' lang='grc' dir='ltr'>ἐλάχ-</span> 
     </span>
     <span class='ocr_line' id='line_1_38' title="bbox 219 3128 1907 3206; baseline 0 -19"><span class='ocrx_word' id='word_1_285' title='bbox 219 3148 403 3187; x_wconf 70' lang='lat' dir='ltr'><strong>coz-ov:</strong></span> <span class='ocrx_word' id='word_1_286' title='bbox 441 3148 613 3206; x_wconf 89' lang='lat' dir='ltr'><strong>quam</strong></span> <span class='ocrx_word' id='word_1_287' title='bbox 643 3128 1081 3185; x_wconf 86' lang='lat' dir='ltr'><strong>declinationem</strong></span> <span class='ocrx_word' id='word_1_288' title='bbox 1118 3130 1239 3187; x_wconf 88' lang='lat' dir='ltr'><strong>sine</strong></span> <span class='ocrx_word' id='word_1_289' title='bbox 1272 3149 1442 3187; x_wconf 88' lang='lat' dir='ltr'><strong>causa</strong></span> <span class='ocrx_word' id='word_1_290' title='bbox 1472 3129 1594 3187; x_wconf 86' lang='lat' dir='ltr'><strong>fieri</strong></span> <span class='ocrx_word' id='word_1_291' title='bbox 1629 3130 1677 3187; x_wconf 88' lang='lat' dir='ltr'><strong>si</strong></span> <span class='ocrx_word' id='word_1_292' title='bbox 1710 3131 1907 3188; x_wconf 89' lang='lat' dir='ltr'><strong>minus</strong></span> 
     </span>
     <span class='ocr_line' id='line_1_39' title="bbox 217 3205 1909 3281; baseline 0 -14"><span class='ocrx_word' id='word_1_293' title='bbox 217 3208 419 3281; x_wconf 76' lang='lat' dir='ltr'><strong>verbiS,</strong></span> <span class='ocrx_word' id='word_1_294' title='bbox 442 3227 502 3266; x_wconf 87' lang='lat' dir='ltr'><strong>rc</strong></span> <span class='ocrx_word' id='word_1_295' title='bbox 523 3208 750 3281; x_wconf 85' lang='lat' dir='ltr'><strong>cogitur</strong></span> <span class='ocrx_word' id='word_1_296' title='bbox 767 3205 1042 3266; x_wconf 81' lang='lat' dir='ltr'><strong>confiteri.</strong></span> <span class='ocrx_word' id='word_1_297' title='bbox 1108 3207 1245 3267; x_wconf 92' lang='lat' dir='ltr'><strong>Non</strong></span> <span class='ocrx_word' id='word_1_298' title='bbox 1267 3210 1419 3267; x_wconf 88' lang='lat' dir='ltr'><strong>enim</strong></span> <span class='ocrx_word' id='word_1_299' title='bbox 1443 3216 1670 3267; x_wconf 89' lang='lat' dir='ltr'><strong>atomus</strong></span> <span class='ocrx_word' id='word_1_300' title='bbox 1690 3209 1763 3267; x_wconf 89' lang='lat' dir='ltr'><strong>ab</strong></span> <span class='ocrx_word' id='word_1_301' title='bbox 1783 3217 1909 3268; x_wconf 59' lang='lat' dir='ltr'><strong>ato*</strong></span> 
     </span>
    </p>
   </div>
  </div>
 </body>
</html>
