2199 3546
240 161 309 209 os
501 191 510 200 .
683 159 784 208 ΒΕ.
815 129 1122 208 NATURA
1150 156 1477 210 numum.
1506 195 1513 204 .

243 260 586 337 fetigatione
611 259 1020 318 membrorum.
1089 258 1251 328 Quae
1270 257 1785 336 verens-Epicurus
1810 277 1946 318 mo-

243 360 479 417 nogram
487 357 612 397 mos
632 341 773 398 deos
793 348 852 397 et
871 339 1017 397 nihil
1035 347 1273 415 agentes
1292 346 1654 396 commentus
1676 346 1781 396 est.
1836 345 1939 396 60.

243 421 336 478 Illi
367 427 560 478 autem
594 420 978 498 pulcherrima
1009 419 1201 476 forma
1231 419 1479 496 praediti
1510 419 1943 496 purissimaque

242 502 302 560 in
331 501 564 578 regione
592 501 731 558 caeli
758 500 1024 558 collocati
1041 499 1129 558 ita
1153 500 1421 558 feruntur
1447 498 1942 576 moderanturque

241 601 455 652 cursuS,
485 587 554 638 ut
585 581 660 638 ad
693 580 908 638 omnia‘
927 577 1319 638 conservanda
1358 585 1419 637 et
1449 578 1667 638 tuenda
1696 597 1943 636 consen-

243 661 381 719 sisse
407 661 726 719 videantur.

321 741 538 799 Multae
567 748 760 798 autem
789 740 932 798 aliae
959 746 1196 798 naturae
1223 739 1463 798 deorum
1492 758 1563 797 ex
1590 738 1817 815 magnis
1838 737 1941 796 be-

241 821 462 879 neflciis
489 839 685 880 eorum
715 840 832 879 non
861 821 984 878 sine
1011 839 1182 878 causa
1208 827 1269 877 et
1288 838 1325 876 a
1341 818 1613 878 Graeciae
1636 818 1939 894 sapientis-

241 902 402 958 simis
435 909 496 959 et
527 921 564 958 a
593 900 906 958 maioribus
946 900 1159 958 nostris
1198 899 1547 957 constitutae
1580 898 1939 957 nominatae-

241 1001 354 1058 que
381 988 529 1038 sunt.
607 980 904 1057 Quidquid
939 981 1094 1038 enim
1122 998 1395 1056 magnam
1426 978 1735 1036 utilitatem
1761 996 1937 1054 gene·

240 1063 290 1118 ri
317 1061 568 1119 adferret
595 1060 866 1131 human0‚
891 1061 953 1118 id
983 1079 1101 1118 non
1130 1060 1255 1117 sine
1282 1059 1481 1117 divina
1505 1058 1765 1116 bonitate
1792 1077 1937 1134 erga

239 1141 504 1198 homines
529 1140 654 1199 fieri
681 1141 1119 1198 arbitrabantur.
1204 1139 1409 1216 Itaque
1435 1145 1563 1198 tum
1590 1137 1752 1208 illud,
1772 1138 1936 1215 quod

239 1229 362 1279 crat
389 1241 422 1278 a
449 1220 560 1280 deo
588 1228 805 1292 natum,
826 1221 1060 1278 nomine
1083 1220 1265 1296 ipsius
1292 1219 1387 1278 dei
1416 1217 1844 1296 nuncupabant,
1864 1225 1935 1276 ut

241 1321 368 1359 cum
399 1302 597 1377 fruges
625 1300 890 1360 Cererem
917 1300 1289 1378 appellamus,
1309 1300 1509 1358 vinum
1542 1305 1737 1358 autem
1766 1297 1934 1363 Libe-

241 1399 384 1454 rum,
411 1401 478 1440 ex
509 1400 625 1459 quo
653 1381 798 1439 illud
825 1380 1109 1439 Terentii:

565 1503 685 1554 Sine
712 1502 892 1554 Cerere
917 1511 968 1552 ct
993 1502 1176 1552 Libero
1204 1501 1350 1563 friget
1372 1501 1573 1550 Venus:

241 1627 334 1680 61.
366 1628 492 1680 tum
521 1629 722 1682 autem·
742 1640 832 1679 res
851 1621 993 1697 ipsa,
1013 1621 1072 1678 in
1097 1639 1213 1698 qua
1233 1620 1319 1678 vis
1338 1621 1489 1677 inest
1510 1619 1694 1677 maior
1720 1617 1926 1696 aliqua,

241 1703 322 1760 sic
343 1703 756 1782 appellatur,ut
777 1719 844 1760 ea
863 1703 990 1781 ipsa
1011 1701 1096 1758 vis
1124 1701 1455 1758 nominetur
1475 1698 1633 1770 deuS,
1654 1707 1721 1756 ut
1742 1699 1926 1771 Fides,

240 1792 306 1842 ut
334 1784 514 1857 Mens,
529 1804 680 1863 quas
713 1785 773 1841 in
805 1782 1096 1861 Capitolio
1130 1781 1422 1839 dedicatas
1452 1779 1711 1839 videmus
1742 1780 1931 1857 proxi-

239 1884 333 1923 me
361 1885 398 1922 a
426 1865 500 1923 M.
523 1864 774 1922 Aemilio
803 1862 1033 1934 ScaurO,
1057 1870 1192 1920 ante
1224 1868 1417 1919 autem
1454 1860 1531 1917 ab
1556 1859 1742 1917 Atilio
1771 1859 1931 1917 Cala-

240 1946 365 2003 tino
395 1954 515 2004 erat
537 1946 705 2003 Fides
731 1951 1073 2003 consecrata.
1145 1942 1328 2001 Vides
1346 1940 1597 2000 Virtutis
1624 1939 1925 2017 templum,

240 2026 400 2083 vides
429 2026 686 2083 Honoris
713 2044 748 2082 a
775 2024 852 2081 M.
876 2023 1144 2082 Marcello
1175 2028 1529 2092 renovatum,
1552 2020 1710 2098 quod
1732 2019 1929 2078 multis

239 2113 373 2163 ante
401 2106 565 2163 annis
599 2113 719 2163 erat
746 2104 896 2162 bello
925 2104 1221 2181 Ligustico
1254 2122 1291 2159 a
1322 2100 1391 2171 Q„
1417 2100 1672 2159 Maximo
1706 2100 1929 2159 dedica-

239 2193 382 2242 tum.
466 2184 619 2254 Quid
661 2184 844 2261 Opis?
885 2184 1028 2261 quid
1067 2181 1319 2241 Salutis?
1368 2181 1509 2259 quid
1551 2180 1925 2252 Concordiae,

240 2263 563 2334 Libertatis,
595 2263 931 2321 Victoriae?
971 2282 1211 2339 quarum
1256 2262 1518 2320 omnium
1563 2279 1752 2318 rerum
1794 2261 1931 2338 quia

239 2344 326 2399 vis
358 2350 480 2400 erat
510 2349 688 2413 tanta,
711 2349 780 2399 ut
811 2342 934 2399 sine
976 2343 1085 2399 deo
1128 2342 1253 2419 regi
1284 2362 1402 2399 non
1436 2347 1648 2419 posset,
1672 2341 1801 2419 ipsa
1838 2360 1931 2399 res

240 2424 476 2479 deorum
516 2440 723 2479 nomen
761 2420 1028 2480 obtinuit.
1116 2422 1247 2490 Quo
1280 2441 1349 2480 ex
1380 2441 1587 2499 genere
1622 2420 1931 2499 Cupidinis

239 2512 299 2561 et
326 2502 662 2581 Voluptatis
694 2510 754 2560 et
786 2501 1125 2560 Libentinae
1153 2502 1397 2560 Veneris
1425 2501 1703 2559 vocabula
1734 2520 1929 2559 conse-

239 2590 395 2641 crata
415 2590 564 2651 sunt,
580 2582 912 2640 vitiosarum
934 2600 1121 2640 rerum
1146 2601 1334 2659 neque
1354 2582 1717 2652 naturalium,
1736 2600 1933 2659 quam-

241 2682 414 2740 quam
442 2662 698 2721 Velleius
726 2662 890 2720 aliter
917 2662 1225 2733 existimat,
1252 2662 1353 2719 sed
1380 2668 1574 2719 tamen
1604 2681 1671 2719 ea
1696 2662 1825 2739 ipsa
1852 2662 1933 2719 vi-

239 2744 322 2800 tia
348 2749 610 2800 naturam
633 2740 1026 2801 vehementius
1055 2762 1224 2819 saepe
1252 2741 1499 2819 pulsant.
1570 2747 1663 2800 62.
1696 2740 1935 2799 Utilita-

240 2830 365 2880 tum
393 2822 572 2897 igitur
598 2821 997 2895 magnitudine
1023 2822 1326 2879 constituti
1354 2826 1491 2878 sunt
1518 2820 1560 2877 ii
1589 2820 1667 2891 di,
1694 2821 1793 2898 qui
1822 2821 1935 2878 uti-

239 2902 430 2958 litates
457 2918 710 2977 quasque
736 2899 1068 2974 gignebant.
1137 2900 1335 2974 Atque
1362 2898 1453 2954 his
1482 2898 1715 2975 quidem
1746 2900 1935 2957 nomi-

239 2980 425 3049 ·nibuS‚
448 2996 590 3054 quae
613 2976 784 3052 paulo
813 2984 945 3033 ante
973 2977 1131 3034 dicta
1158 2984 1307 3047 sunt,
1330 2994 1473 3052 quae
1496 2976 1581 3033 vis
1610 2978 1769 3034 sitin
1792 2996 1935 3055 quo-

240 3077 350 3136 que
380 3056 697 3114 declaratur
724 3054 849 3110 deo,

319 3135 546 3193 XXIV.
579 3132 844 3208 Suscepit
865 3136 1056 3186 autem
1079 3130 1200 3187 vita
1220 3130 1523 3187 hominum
1548 3134 1934 3192 consuet-udo-

239 3236 354 3293 que
384 3212 722 3281 communi8‚
746 3216 814 3266 ut
840 3206 1132 3265 beneficiis
1164 3207 1503 3265 excellentes
1530 3210 1683 3267 viros
1712 3211 1773 3268 in
1807 3231 1934 3271 cae-
