2199 3546
544 173 684 224 ΗΒ.
712 174 780 235 1.,
801 171 958 223 CAP.
991 169 1462 232 xxx-xxxii„
1486 168 1515 229 ς
1543 171 1723 220 ‹xi-70.
1884 173 1977 221 171

683 274 890 337 Iamque
911 272 1038 322 mari
1060 285 1245 332 magno
1266 270 1438 320 classis
1460 271 1561 319 cita

680 339 921 387 Texitur:
953 337 1165 386 exitium
1189 350 1403 386 examen
1422 337 1579 400 rapit:

680 404 946 462 Adveniet,
967 405 1072 451 fera
1093 401 1467 450 velivolantibus

678 470 903 518 Navibus
926 469 1191 530 complebit
1213 482 1387 516 manus
1404 467 1566 516 litora.

285 598 550 659 XXXII.
634 605 728 656 68.
772 597 1123 675 Tragoedias
1170 597 1331 674 loqui
1378 597 1580 655 videor
1626 604 1686 655 et
1732 596 1973 656 fabulas

285 680 374 738 At
416 699 487 738 ex
525 686 586 738 tc
626 679 756 756 ipso
795 697 914 736 non
955 677 1423 735 commenticiam
1455 696 1595 748 rem,
1627 677 1729 735 sed
1760 677 1975 735 factam

207 784 222 793 ’
285 759 546 818 eiusdem
579 759 804 836 generis
835 757 1061 816 audivi:
1106 757 1172 815 G.
1196 757 1529 834 Coponium
1562 757 1638 814 ad
1662 764 1723 816 tc
1755 758 1977 815 venisse

285 839 671 917 DyrrhachiO,
706 857 840 895 cum
884 838 1171 915 praetorio
1215 837 1461 914 imperio
1504 837 1670 896 classi
1715 837 1976 896 Rhodiae

289 926 592 996 praeesset,
636 937 770 976 cum
815 918 1019 996 primis
1065 917 1362 975 hominem
1410 917 1754 995 prudentem
1804 924 1975 994 atque

289 999 545 1069 doctum,
577 1017 824 1075 eumque
857 997 1068 1056 dixisse
1112 997 1390 1076 remigem
1426 998 1713 1075 quendam
1746 1017 1778 1056 e
1812 999 1977 1074 quin-

290 1080 546 1157 queremi
573 1078 934 1136 Rhodiorum
966 1078 1338 1136 vaticinatum
1367 1077 1758 1136 madefactum
1777 1078 1849 1135 iri
1871 1078 1976 1135 mi-

286 1179 396 1216 nus
433 1179 559 1217 xxx
592 1159 795 1217 diebus
821 1158 1121 1216 Graeciam
1149 1159 1442 1235 sanguine,
1466 1158 1696 1234 rapinas
1723 1157 1977 1235 Dyrrha-

285 1239 402 1296 chii
435 1246 494 1297 et
526 1239 996 1297 conscensionem
1030 1239 1090 1295 in
1133 1257 1305 1296 naves
1345 1257 1478 1296 cum
1520 1239 1663 1315 fuga
1701 1238 1976 1314 fugienti-

223 1324 234 1331 “
285 1319 506 1396 busque
532 1317 914 1377 miserabilem
943 1326 1267 1396 respectum
1289 1319 1685 1376 incendiorum
1714 1317 1856 1389 fore,
1874 1318 1975 1376 sed

285 1398 647 1456 Rhodiorum
690 1399 856 1457 classi
895 1400 1287 1476 propinquum
1332 1398 1579 1457 reditum
1624 1419 1689 1456 ac
1734 1398 1974 1456 domum

286 1479 528 1537 itionem
556 1479 708 1536 dari:
751 1487 877 1537 tum
907 1498 1094 1556 neque
1122 1488 1183 1536 te
1210 1479 1399 1556 ipsum
1428 1498 1547 1536 non
1576 1498 1697 1537 esse
1724 1498 1978 1536 commo-

281 1567 413 1617 tum
443 1559 814 1636 Marcumque
847 1558 1169 1617 Varronem
1202 1566 1263 1617 et
1290 1558 1368 1617 M.
1393 1558 1693 1630 Catonem,
1720 1559 1819 1635 qui
1847 1565 1974 1615 tum

284 1638 369 1697 ibi
402 1645 580 1710 erant,
611 1639 815 1697 doctos
846 1638 1131 1709 homines,
1161 1638 1530 1698 vehementer
1562 1657 1682 1696 esse
1717 1639 1977 1715 perterri-

284 1727 406 1779 tos:
448 1720 648 1798 paucis
681 1738 816 1779 sane
849 1726 985 1798 post
1017 1718 1221 1778 diebus
1254 1739 1325 1779 ex
1352 1718 1681 1779 Pharsalica
1712 1720 1855 1797 fuga
1887 1738 1978 1777 ve-

284 1801 434 1859 nisse
467 1800 820 1859 Labienum:
865 1800 964 1877 qui
1007 1820 1138 1858 cum
1183 1801 1480 1859 interitum
1515 1800 1796 1858 exercitus
1834 1818 1977 1857 nun-

286 1881 560 1952 tiavisset,
593 1881 813 1959 reliqua
859 1880 1284 1939 vaticinationis
1324 1880 1484 1939 brevi
1524 1898 1646 1937 esse
1693 1880 1972 1937 confecta.

289 1966 384 2018 69.
429 1960 578 2017 Nam
625 1968 684 2018 et
732 1980 801 2019 ex
845 1960 1064 2019 horreis
1114 1960 1404 2037 direptum
1455 1960 1817 2036 effusumque
1858 1960 1976 2017 fru-

286 2047 550 2098 mentum
592 2040 710 2098 vias
751 2060 952 2098 omnes
992 2041 1446 2118 angiportusque
1486 2046 1875 2097 constraverat
1916 2047 1976 2097 et

285 2140 460 2179 naves
501 2119 692 2178 subito
732 2121 1020 2197 perterriti
1055 2128 1215 2179 metu
1256 2118 1670 2179 conscendistis
1708 2127 1767 2178 et
1801 2126 1974 2178 noctu

287 2200 363 2257 ad
396 2200 676 2278 oppidum
723 2201 1094 2279 respicientes
1142 2200 1447 2278 flagrantes
1496 2200 1797 2271 onerarias,
1834 2220 1976 2277 quas

285 2280 656 2338 incenderant
690 2281 919 2352 militeS,
951 2281 1086 2359 quia
1128 2282 1289 2359 sequi
1324 2280 1641 2351 noluerant,
1672 2280 1971 2353 videbatiS,

282 2368 578 2438 postremo
607 2380 641 2418 a
661 2361 892 2419 Rhodia
919 2361 1094 2419 classe
1124 2361 1333 2419 deserti
1357 2380 1552 2419 verum
1582 2369 1772 2420 vatem
1793 2362 1975 2420 fuisse

283 2440 556 2498 sensistis,

367 2520 458 2579 70.
524 2521 784 2598 Exposui
833 2540 1005 2599 quam
1053 2520 1387 2579 brevissime
1428 2522 1596 2598 potui
1651 2522 1861 2579 somnii
1918 2528 1977 2579 et

283 2601 496 2658 furoris
537 2600 768 2659 oracula
799 2620 946 2679 quae
981 2620 1171 2659 carere
1205 2600 1460 2659 dixeram
1494 2608 1630 2659 arte.
1716 2601 1976 2670 Quorum

283 2680 586 2739 amborum
619 2700 894 2757 generum
930 2700 1044 2739 una
1075 2682 1223 2738 ratio
1257 2689 1360 2752 est,
1386 2701 1501 2759 qua
1532 2681 1844 2759 Cratippus
1878 2700 1978 2738 no-

284 2768 401 2817 ster
429 2760 516 2817 uti
545 2760 706 2832 solet,
727 2761 952 2818 animos
982 2760 1283 2818 hominum
1315 2762 1560 2839 quadam
1590 2782 1660 2819 ex
1688 2768 1851 2839 parte
1886 2780 1978 2819 ex-

284 2840 564 2898 trinsecus
596 2860 718 2898 esse
751 2847 966 2898 tractos
998 2841 1341 2899 et-haustos.
1426 2842 1512 2899 Ex
1548 2862 1664 2919 quo
1700 2841 1978 2917 intellegi-

287 2926 380 2977 tur
407 2938 528 2977 esse
557 2927 717 2977 extra
744 2920 1004 2977 divinum
1034 2922 1292 2978 animum
1314 2920 1599 2979 humanus
1628 2921 1780 2977 unde
1810 2920 1979 2977 duca-

285 3005 397 3071 tur,
420 2998 660 3057 humani
692 3008 884 3058 autem
919 3001 1098 3057 animi
1133 3020 1257 3058 eam
1288 3008 1527 3078 partem,
1554 3019 1697 3076 quae
1728 3018 1973 3071 sensum,

287 3097 431 3155 quae
459 3086 703 3150 motum,
729 3099 873 3157 quae
901 3082 1227 3157 appetitum
1250 3079 1475 3149 habeat,
1501 3098 1615 3136 non
1641 3096 1761 3135 esse
1790 3077 1861 3134 ab
1891 3098 1978 3136 ac-

285 3158 445 3216 tione
473 3160 730 3235 corporis
759 3160 1111 3237 seiugatam:
1156 3178 1301 3237 quae
1328 3167 1520 3216 autem
1544 3176 1675 3233 pars
1696 3157 1874 3213 animi
1896 3178 1978 3214 ra-

282 3236 464 3295 tionis
511 3246 684 3315 atque
734 3239 1159 3315 intellegentiae
1208 3240 1285 3295 sit
1332 3237 1635 3315 particeps,
1674 3254 1802 3293 eam
1850 3242 1976 3292 tum

1938 3432 2193 3503 ἢ
