2199 3546
204 123 268 171 83
411 168 418 175 ,
647 120 748 168 DE
782 118 1084 169 NATURA
1116 118 1440 179 DEORUM.

207 222 366 298 quasi
397 220 646 297 quodam
670 220 897 277 vinc-ulo
927 220 1280 277 circumdato
1314 220 1688 297 colligantur:
1735 221 1893 297 quod

204 302 347 358 facit
388 320 454 357 ea-
497 306 715 371 natura,
753 318 897 377 quae
938 319 1041 376 per
1089 319 1322 363 omnem
1366 300 1649 379 mundum
1696 302 1892 359 omnia

204 388 397 438 mente
439 386 498 437 et
529 380 749 437 ratione
791 378 1098 436 conficiens
1131 379 1399 437 funditur
1432 386 1491 437 et
1523 379 1597 437 ad
1629 380 1888 439 medium

205 460 356 537 rapit
389 466 448 517 et
481 459 764 516 convertit
795 466 1063 516 extrema„
1154 464 1284 517 116.
1321 458 1604 528 Quocirca
1644 460 1693 517 si
1728 480 1893 517 mun-

205 539 312 596 dus
339 538 612 616 globosus
641 546 728 596 est
756 537 831 595 ob
859 558 1101 615 eamque
1129 558 1354 596 causam
1389 544 1588 597 omnes
1617 540 1739 597 eius
1767 560 1893 617 par·

204 627 291 677 tes
333 619 587 695 undique
628 616 952 695 aequabiles
988 618 1146 696 ipsae
1180 638 1283 695 per
1324 638 1383 677 se
1425 626 1597 696 atque
1639 620 1790 677 inter
1830 640 1890 677 se

205 699 588 770 continentur,
625 698 956 775 contingere
997 698 1149 755 idem
1194 705 1376 756 terrae
1418 717 1644 757 necesse
1686 707 1787 771 est,
1825 707 1892 756 ut

205 778 474 836 omnibus
515 778 636 835 eius
676 778 936 855 partibus
975 778 1038 834 in
1077 778 1336 836 medium
1380 779 1890 855 vergentibus—id

204 865 396 917 autem
431 858 686 917 medium
714 856 979 914 infimum
1007 857 1068 915 in
1103 857 1344 934 sphaera
1376 857 1691 916 est—nihil
1718 858 1890 916 inter-

203 944 435 1015 rumpat
462 958 578 1015 quo
611 936 942 995 labefactari
969 938 1156 1013 possit
1183 942 1345 995 tanta
1378 938 1675 996 contentio
1707 939 1891 1015 gravi·

204 1018 340 1076 tatis
381 1025 440 1075 et
480 1017 818 1095 ponderum.
911 1016 1243 1095 Eademque
1284 1018 1506 1075 ratione
1546 1037 1719 1090 mare,
1756 1037 1889 1076 cum

205 1118 376 1175 supra
407 1104 617 1155 terram
651 1097 743 1167 sit,
767 1096 1021 1154 medium
1057 1104 1250 1154 tamen
1282 1104 1465 1155 terrae
1497 1096 1689 1156 locum
1725 1117 1891 1176 expe-

203 1185 332 1235 tens
366 1176 742 1254 conglobatur
775 1176 1029 1254 undique
1062 1176 1435 1254 aequabiliter
1467 1197 1653 1255 neque
1686 1178 1892 1237 redun-

205 1258 305 1315 dat
348 1276 618 1335 umquam
661 1275 848 1333 neque
889 1257 1221 1314 effunditur.
1322 1256 1453 1316 117.
1498 1257 1656 1316 Huic
1696 1265 1890 1316 autem

205 1338 504 1395 continens
531 1344 632 1396 aer
651 1336 835 1394 fertur
856 1336 949 1394 ille
978 1337 1213 1413 quidem
1235 1337 1467 1395 levitate
1495 1336 1772 1409 sublimis,
1789 1338 1893 1396 sed

205 1426 396 1475 tamen
419 1418 478 1473 in
503 1435 702 1474 omnes
723 1424 914 1492 partes
942 1417 1146 1493 seipse
1168 1417 1397 1475 fundit:
1442 1418 1637 1495 itaque
1665 1424 1726 1475 et
1745 1418 1891 1475 mari

204 1498 573 1555 continuatus
601 1503 660 1553 et
680 1496 910 1553 iunctus
938 1504 1024 1553 cst
1045 1504 1105 1553 et
1126 1504 1331 1554 natura
1350 1498 1534 1555 fertur
1554 1497 1629 1554 ad
1650 1496 1889 1569 caelum,

205 1578 367 1635 cuius
399 1577 681 1635 tenuitate
716 1582 774 1633 et
802 1576 986 1633 calore
1015 1583 1367 1654 temperatus
1396 1577 1636 1635 vitalem·
1662 1584 1721 1635 et
1748 1578 1892 1635 salu-

205 1665 386 1715 tarem
429 1656 694 1733 spiritum
738 1655 972 1733 praebet
1013 1656 1416 1714 animantibus„
1510 1656 1695 1725 Quem
1738 1676 1893 1715 com-

205 1737 373 1815 plexa
394 1755 618 1794 summa
637 1754 768 1814 pars
789 1734 946 1808 caeli,
965 1755 1111 1814 quae
1132 1736 1383 1795 aetheria
1404 1737 1629 1810 dicitur,
1646 1744 1706 1796 et
1722 1757 1892 1796 suum

110 1882 115 1886 ,
206 1818 415 1876 retinet
442 1816 702 1874 ardorem
731 1823 964 1873 tenuem
1000 1823 1059 1874 et
1089 1817 1249 1874 nulla
1279 1817 1633 1876 admixtione
1666 1837 1894 1876 concre-

205 1905 332 1956 tum
367 1903 426 1954 et
457 1917 588 1954 cum
623 1897 772 1954 aeris
805 1897 1167 1954 extremitate
1201 1898 1586 1974 coniungitur.
1673 1897 1889 1956 XLVI.

207 1977 274 2035 In
305 1976 533 2035 aethere
561 1985 751 2035 autem
782 1984 934 2034 astra
955 1976 1277 2048 volvuntur,
1295 1996 1440 2054 quae
1468 1997 1528 2034 se
1556 1984 1616 2036 et
1635 1978 1766 2036 nisu
1788 1997 1893 2036 suo

207 2057 440 2134 globata
481 2057 781 2115 continent
823 2063 882 2113 et
912 2057 1105 2114 forma
1135 2056 1261 2133 ipsa
1292 2055 1589 2135 figuraque
1632 2077 1733 2115 sua
1773 2078 1895 2116 mo-

206 2145 402 2195 menta
429 2143 784 2194 sustentant:
820 2143 954 2194 sunt
974 2137 1131 2194 enim
1158 2137 1423 2208 rotunda,
1441 2137 1649 2215 quibus
1669 2137 1890 2210 for-mizi,

206 2225 274 2274 ut
306 2225 439 2274 ante
473 2217 682 2274 dixisse
717 2215 928 2286 videor,
959 2216 1199 2273 minime
1240 2217 1433 2274 noceri
1461 2224 1669 2294 potest.
1758 2223 1891 2276 118.

208 2297 358 2354 Sunt
400 2304 592 2354 autem
635 2295 829 2353 stellae
869 2303 1073 2353 natura
1112 2295 1444 2354 flammeae:
1490 2297 1757 2374 quocirca
1788 2305 1897 2355 ter·

207 2395 318 2446 rae,
345 2375 534 2446 mariS,
558 2393 832 2452 aquarum
864 2375 1171 2452 vaporibus
1205 2377 1436 2434 aluntur
1463 2377 1550 2447 iis,
1576 2378 1676 2454 qui
1710 2397 1745 2434 a
1777 2377 1895 2436 sole

113 2511 118 2518 ,
208 2475 278 2514 ex
299 2455 452 2531 agris
471 2453 776 2530 tepefactis
797 2461 856 2511 et
878 2473 945 2510 ex
969 2457 1132 2531 aquis
1162 2457 1498 2525 excitantur,
1521 2457 1730 2534 quibus
1750 2455 1897 2514 altae

207 2539 626 2611 renovataeque
659 2533 852 2590 stellae
895 2541 1067 2610 atquc
1112 2536 1301 2591 omnis
1342 2535 1539 2593 aether
1579 2536 1898 2594 refundunt

189 2613 407 2680 ‚eadem
438 2620 497 2671 et
516 2632 739 2671 rursum
769 2613 1006 2670 trahunt
1027 2614 1304 2685 indidem,
1324 2614 1471 2673 nibil
1493 2623 1559 2673 ut
1579 2616 1700 2674 fere
1728 2617 1900 2673 inter-

209 2699 302 2748 eat
342 2699 442 2749 aut
482 2691 797 2749 admodum
837 2692 1092 2766 paulum,
1126 2696 1281 2771 quod
1320 2703 1602 2752 astrorum
1646 2695 1799 2772 ignis
1840 2703 1899 2753 et-

210 2771 456 2829 actheris
477 2770 709 2828 flamma
729 2774 1032 2831 consumit.
1108 2774 1193 2830 Ex
1218 2794 1332 2851 quo
1356 2782 1693 2832 eventurum
1716 2776 1898 2832 nost-ri

209 2858 420 2930 putant
460 2851 540 2924 id,
572 2850 644 2910 de
679 2871 802 2929 quo
845 2853 1183 2912 Panaetium
1230 2854 1569 2912 addubitare
1611 2854 1896 2922 dicebant,

210 2939 276 2991 ut
297 2932 372 2990 ad
394 2940 712 2992 extremum
743 2934 934 2990 omnis
960 2933 1211 2990 mundus
1232 2934 1564 3010 ignosceret,
1586 2953 1715 2992 cum
1739 2953 1900 2990 umo-

210 3034 271 3072 re
299 3019 644 3090 consumpto
667 3031 853 3089 neque
873 3021 1024 3069 terra
1044 3013 1118 3069 ali
1141 3021 1336 3088 posset
1357 3033 1461 3071 nec
1482 3021 1760 3072 remearet
1781 3020 1897 3084 aer,

212 3094 374 3152 cuius
403 3101 564 3152 ortus
591 3113 740 3171 aqua
767 3093 926 3150 omni
955 3092 1231 3150 exhausta
1260 3113 1380 3150 esse
1410 3113 1524 3150 non
1552 3101 1783 3170 posset:
1818 3095 1902 3152 ita

211 3174 457 3250 relinqui
486 3175 632 3232 nihil
660 3181 884 3250 practer
911 3173 1124 3249 ignem,
1144 3192 1184 3230 a
1212 3193 1327 3250 quo
1354 3192 1576 3243 rursum
1606 3174 1900 3232 animante
