2199 3546
525 143 664 192 LIB.
693 141 785 203 11.,
806 140 966 191 CAP.
991 139 1400 204 XLV111.-L1.,
1421 141 1452 202 ξ
1482 145 1720 194 loo-106.
1875 147 1973 194 233

279 240 500 301 nati0.”
575 247 707 299 103..
733 241 787 300 Ο
813 248 1015 299 acutos
1033 241 1331 300 homines!
1377 262 1545 320 quam
1568 244 1767 320 paucis
1790 244 1975 302 verbis

279 323 586 400 negotium
618 322 952 379 confectum
973 323 1216 398 putant!
1286 322 1372 379 Ea
1398 330 1633 380 sumunt
1654 325 1727 380 ad
1750 325 1975 382 conclu-

279 402 558 472 dendum,
581 421 826 478 quorum
850 401 920 459 iis
949 401 1094 458 nihil
1116 402 1463 459 conceditur.
1542 403 1851 462 Conclusio
1880 424 1976 462 au-

279 489 403 539 tem
424 481 664 539 rationis
687 501 754 538 ea
774 480 1072 559 probanda
1091 488 1195 551 est,
1210 481 1271 538 in
1301 501 1413 559 qua
1438 501 1507 539 ex
1535 482 1705 540 rebus
1734 503 1850 542 non
1874 485 1974 542 du-

279 561 396 619 biis
424 561 503 633 id,
529 561 686 638 quod
715 561 1028 632 dubitatur,
1053 560 1311 620 efficitur.
1388 561 1449 618 L.
1482 561 1738 620 Videsne
1768 564 1974 640 Epicu-

279 661 430 712 rum,
462 660 630 718 quem
675 641 939 698 hebetem
985 649 1045 698 et
1079 641 1282 699 rudem
1325 641 1511 698 dicere
1554 641 1739 700 solent
1772 643 1969 714 Stoici,

283 740 457 798 quem
480 721 556 778 ad
577 721 834 792 modum,
848 721 1005 798 quod
1025 721 1084 778 in
1109 729 1312 778 natura
1331 741 1521 778 rerum
1551 741 1721 779 omne
1750 741 1869 779 esse
1892 723 1974 780 di-

283 801 486 872 cimuS,
501 801 565 858 id
586 800 878 858 infinitum
907 819 1028 858 esse
1057 801 1424 859 concluserit?
1499 802 1533 830 “
1552 800 1723 869 Quod
1744 800 1969 859 finitum

283 881 424 939 est”
461 881 652 958 inquit
687 883 722 908 “
742 880 916 939 habet
949 881 1325 939 extremum.”
1410 881 1553 950 Quis
1585 881 1696 938 hoc
1730 900 1846 938 non
1881 883 1973 940 de·

283 961 473 1019 derit?
557 961 784 1030 “Quod
816 969 1007 1019 autem
1042 960 1221 1019 habet
1262 968 1598 1032 extremum,
1619 961 1683 1018 id
1724 962 1976 1019 cernitur

283 1061 353 1098 ex
383 1041 497 1098 alio
527 1041 931 1099 extrinsecus,”
1000 1041 1133 1099 Hoc
1164 1061 1392 1119 quoque
1414 1048 1501 1098 est
1522 1041 1969 1100 concedendum.

285 1122 436 1190 “At,
453 1121 608 1198 quod
629 1141 802 1179 omne
831 1128 933 1192 est,
949 1121 1011 1179 id
1039 1139 1159 1178 non
1189 1121 1439 1179 cernitur
1466 1141 1535 1178 ex
1563 1121 1676 1179 alio
1704 1123 1975 1180 extrinse-

283 1201 441 1259 cus,’'
519 1201 608 1258 Ne
636 1201 748 1258 hoc
778 1201 1008 1278 quidem
1041 1201 1237 1278 negari
1266 1207 1472 1278 potest.
1552 1201 1586 1229 ‘⁴
1606 1202 1767 1259 Nihil
1797 1203 1975 1278 igit-ur

281 1301 416 1339 cum
467 1281 676 1338 habeat
721 1289 1056 1352 extremum,
1093 1280 1383 1338 infinitum
1435 1281 1511 1339 sit
1554 1301 1781 1339 necesse
1830 1281 1969 1340 est.”

285 1366 421 1418 104.
453 1360 704 1418 Videsne
732 1368 798 1418 ut
825 1361 899 1418 ad
926 1380 1046 1418 rem
1077 1359 1311 1417 dubiam
1343 1361 1627 1418 concessis
1653 1360 1823 1418 rebus
1849 1381 1973 1438 per-

281 1441 544 1498 venerit?
625 1440 758 1497 Hoc
793 1459 893 1496 vos
935 1439 1220 1498 dialectici
1252 1457 1371 1496 non
1406 1439 1615 1510 facitis,
1639 1459 1744 1497 nec
1787 1441 1969 1497 solum

282 1540 353 1578 ea
385 1539 503 1577 non
539 1521 766 1577 sumitis
798 1519 874 1576 ad
906 1518 1384 1592 concludendum,
1410 1539 1555 1597 quae
1592 1519 1665 1576 ab
1705 1520 1973 1578 omnibus

282 1600 690 1671 concedantur,
719 1599 820 1657 sed
843 1619 920 1664 ,ea
961 1599 1203 1671 sumitiS,
1232 1598 1440 1676 quibus
1472 1600 1755 1658 concessis
1788 1599 1972 1657 nihilo

281 1681 470 1757 magis
499 1679 777 1738 efficiatur
803 1679 960 1757 quod
982 1678 1186 1736 velitis.
1272 1679 1534 1737 Primum
1564 1681 1715 1738 enim
1747 1680 1857 1737 hoc
1886 1701 1975 1738 su-

283 1762 478 1820 mitis:
525 1762 559 1789 “
579 1760 642 1819 Si
665 1767 799 1817 sunt
827 1760 904 1831 di,
925 1758 1167 1817 benefici
1188 1759 1248 1817 in
1279 1759 1543 1818 homines
1570 1759 1758 1818 sunt.”
1831 1759 1974 1829 Quis

285 1842 397 1899 hoc
436 1842 599 1899 vobis
640 1840 841 1898 dabit?
922 1839 1297 1917 Epicurusne,
1324 1840 1422 1917 qui
1460 1848 1634 1917 negat
1668 1840 1969 1919 quicquam

285 1922 426 1979 deos
466 1941 570 1978 nec
612 1921 783 1978 alieni
819 1939 1014 1977 curare
1055 1939 1162 1977 nec
1205 1920 1330 1977 sui?
1372 1939 1443 1977 an
1488 1928 1685 1977 noster
1716 1920 1974 1979 Ennius?

285 2002 387 2077 qui
416 2020 626 2077 magno
655 2001 862 2078 plausu
889 2000 1147 2077 loquitur
1174 2000 1532 2058 adsentiente
1560 2000 1811 2077 populo:

377 2132 488 2191 Ego
511 2130 656 2179 deum
681 2146 837 2191 genus
861 2146 968 2179 esse
992 2146 1186 2193 semper
1209 2130 1317 2178 dixi
1338 2141 1388 2178 et
1412 2130 1573 2179 dicam
1598 2130 1845 2190 caelitum,

377 2197 473 2245 Sed
498 2212 582 2244 eos
605 2212 704 2245 non
731 2211 904 2244 curare
928 2196 1103 2258 opinor
1124 2196 1244 2258 qnid
1266 2206 1384 2256 agat
1409 2196 1679 2244 humanum
1705 2212 1875 2257 genuS.

286 2317 364 2375 Et
397 2316 629 2394 quidem
665 2336 766 2374 cur
799 2316 880 2373 sic
917 2315 1187 2393 opinetur
1228 2317 1508 2374 rationem
1552 2317 1774 2377 subicit.
1860 2319 1976 2377 Sed

287 2396 430 2455 nihil
465 2403 553 2455 est
583 2416 812 2455 necesse
853 2395 1042 2453 dicere
1085 2415 1229 2473 quae
1272 2405 1601 2475 sequuntur,
1626 2405 1851 2456 tantum
1888 2406 1977 2456 sat

286 2485 375 2535 est
401 2477 660 2555 intellegi
689 2476 749 2534 id
783 2495 1005 2533 sumere
1038 2475 1183 2533 istos
1208 2496 1314 2555 pro
1349 2486 1521 2549 certo,
1550 2479 1705 2555 quod
1733 2478 1974 2536 dubium

288 2564 829 2634 controversumque
845 2556 936 2613 sit.
995 2555 1088 2613 LI.
1153 2563 1283 2614 105.
1306 2556 1579 2633 Sequitur
1592 2576 1791 2635 porro:
1825 2560 1857 2584 “
1874 2558 1930 2613 N
1934 2558 1976 2614 i-

287 2637 367 2693 hil
393 2637 531 2695 deos
559 2638 837 2715 ignorare,
861 2635 1018 2713 quod
1047 2636 1245 2693 omnia
1272 2636 1389 2693 sint
1411 2636 1483 2693 ab
1504 2638 1575 2694 iis
1604 2637 1971 2694 constit-uta.”

289 2716 404 2773 Hic
432 2736 566 2775 vero
597 2721 811 2794 quanta
837 2734 1036 2793 pugna
1062 2722 1149 2772 est
1176 2716 1643 2773 doctissimorum
1672 2716 1975 2773 hominum

287 2797 623 2873 negantium
658 2814 780 2853 esse
805 2795 947 2853 haec
981 2815 1016 2852 a
1047 2795 1137 2852 dis
1169 2794 1593 2853 immortalibus
1626 2795 1972 2853 constituta!

207 2930 220 2941 ,
290 2876 373 2933 At
423 2874 458 2903 ‘⁴
477 2882 674 2932 nostra
719 2875 958 2933 interest
1001 2876 1143 2932 scire
1191 2894 1272 2947 ea,
1305 2894 1451 2952 quae
1492 2882 1765 2933 eventura
1804 2874 1972 2932 sint.''

290 2954 534 3031 Magnus
566 2954 908 3013 Dicaearchi
938 2953 1083 3012 liber
1126 2962 1212 3011 est
1246 2956 1461 3011 nescire
1503 2974 1569 3012 ea
1609 2954 1813 3011 melius
1854 2973 1976 3011 esse

291 3054 462 3111 quam
485 3036 644 3092 scire.
718 3034 950 3111 Negant
973 3033 1084 3090 “id
1106 3054 1226 3091 esse
1254 3034 1501 3091 alienum
1525 3034 1822 3091 maiestate
1845 3034 1977 3091 deo-

288 3114 471 3171 rum.’'
543 3114 775 3173 Scilicet
797 3133 952 3170 casas
975 3114 1235 3170 omnium
1259 3112 1645 3189 introspicere,
1659 3119 1726 3169 ut
1747 3113 1977 3172 videant

291 3194 432 3269 quid
451 3194 658 3272 cuique
681 3192 980 3251 conducat.
1055 3198 1187 3249 106.
1215 3192 1250 3219 “
1266 3192 1469 3267 Neque
1490 3211 1605 3247 non
1630 3201 1869 3267 possunt
1891 3196 1977 3250 fu-
