2199 3546
243 152 339 199 132
685 148 786 199 DE
819 148 1119 199 NATURA
1151 146 1471 200 DEORUM.

242 250 396 308 vitiis
429 249 576 307 ratio
610 268 727 307 non
764 248 1056 307 subesset?
1146 249 1367 307 XXIX.
1406 250 1609 309 Medea
1646 251 1826 309 modo
1868 258 1924 312 et

241 330 454 388 Atreus
477 329 1074 386 commemorabantur
1093 348 1129 386 a
1147 328 1332 400 nobie,
1350 330 1612 389 heroicae
1632 351 1923 409 personae,

241 410 385 468 inita
411 408 1050 485 subductaque-ratione
1079 410 1300 466 nefaria
1328 409 1537 467 seelera
1562 411 1922 469 meditantes,

244 490 335 549 72.
371 488 564 557 Quid?
598 488 856 545 levitates
885 488 1172 547 comicae?
1204 508 1483 565 parumne
1511 509 1737 569 semper
1756 492 1816 549 in
1846 511 1929 548 ra·

240 571 400 707 {ione
427 568 758 706 xiersssantur?
822 568 1112 627 Parumne
1140 568 1427 627 subtiliter
1453 569 1713 647 disputat
1742 570 1836 629 ille
1864 571 1925 629 in

293 668 444 708 unuc
488 667 523 706 o

337 776 470 837 Quid
494 776 648 839 igitur
670 775 850 825 faciam
865 776 889 825 ?
927 810 1558 825 .............

337 842 583 903 Exclusit,
603 850 828 893 revocat:
868 840 1065 891 redeam
1080 841 1105 890 ?
1138 855 1254 902 non,
1278 842 1320 889 si
1342 857 1423 890 me
1446 842 1685 893 obsecret.

239 958 344 1018 Ille
370 979 506 1018 vero
541 960 602 1017 in
631 958 996 1037 Synephebis
1022 958 1500 1017 Academicorum
1534 980 1696 1019 more
1727 968 1928 1019 contra

239 1058 607 1097 communem
636 1040 972 1115 opinionem
1000 1058 1119 1096 non
1147 1039 1376 1097 dubitat
1403 1059 1660 1116 pugnare
1688 1041 1923 1111 ratione,

235 1120 340 1197 ,qui
361 1121 425 1175 in
441 1138 632 1177 amore
651 1138 874 1175 summo
895 1136 1233 1192 summaque
1248 1119 1446 1193 inopia
1466 1138 1637 1177 suave
1656 1139 1766 1178 esse
1785 1120 1928 1179 dicit

337 1241 607 1289 Pax-entem
631 1240 815 1289 habere
837 1254 1060 1300 avarum,
1078 1238 1351 1302 illepidum,
1371 1241 1423 1288 in
1448 1241 1628 1292 liberos

337 1306 625 1367 Difficilem,
645 1306 732 1369 qui
755 1313 805 1355 te
827 1320 918 1354 nec
941 1314 1077 1354 amet
1099 1320 1193 1355 nec
1216 1306 1414 1355 studeat
1438 1308 1523 1357 tui.

244 1434 559 1527 'Ia-Atque
579 1433 717 1493 huic
738 1432 1061 1493 incredibili
1083 1433 1399 1493 sententiae
1425 1434 1772 1494 ratiunculas
1800 1454 1928 1513 sug-

237 1523 421 1593 gerit:

147 1608 151 1617 Ι
337 1642 448 1691 Aut
469 1647 523 1689 tu
545 1640 686 1689 illum
711 1640 880 1689 fructu
901 1640 1045 1689 fallas
1067 1648 1155 1688 aut
1176 1654 1263 1703 per
1283 1639 1471 1689 litteras

338 1708 552 1757 Avertas
575 1705 777 1769 aliquod
799 1720 980 1755 nomen
1002 1713 1088 1753 aut
1112 1720 1199 1767 pei·
1221 1706 1462 1754 servolum

338 1772 594 1824 Percutias
617 1772 880 1836 pavidum:
920 1780 1171 1835 postremo
1192 1787 1225 1819 a
1246 1785 1394 1833 parco
1416 1780 1557 1834 patre

338 1838 485 1901 Quod
509 1851 678 1888 sumas
699 1846 888 1903 quanto
909 1837 1137 1900 dissupas
1158 1835 1416 1892 libentius!

240 1956 518 2036 Idemque
551 1955 779 2014 facilem
816 1946 876 2013 et
907 1953 1199 2012 liberalem
1234 1961 1456 2031 patrem
1491 1954 1925 2014 incommodum

240 2057 362 2097 esse
389 2035 606 2095 amanti
633 2035 753 2092 filio
781 2034 1056 2113 disputat,

336 2164 500 2225 Quem
521 2175 683 2227 neque
704 2176 802 2224 quo
826 2169 970 2224 pacto
990 2161 1162 2210 fallam
1186 2175 1348 2224 neque
1367 2170 1425 2209 ut
1445 2161 1562 2211 inde
1588 2162 1825 2226 auferam,

337 2230 444 2279 Nec
467 2243 620 2293 quem
642 2228 813 2277 dolum
837 2227 902 2276 ad
924 2242 1040 2276 eum
1063 2235 1151 2275 aut
1170 2225 1457 2274 machinam
1480 2228 1787 2290 commoliar,

339 2295 452 2344 Scio
476 2294 744 2358 quidquam
764 2311 775 2341 ε
816 2293 888 2340 ita
910 2307 1084 2340 omnes
1109 2306 1245 2340 meos
1263 2291 1419 2352 dolos,
1440 2291 1675 2354 fallacias,

338 2359 639 2419 Praestigias
661 2357 983 2422 praestrinxit
1005 2356 1337 2405 commoditas
1360 2358 1527 2419 patris.

243 2474 398 2543 Quid
415 2493 551 2551 ergo
569 2474 667 2532 isti
684 2473 820 2544 doli,
841 2473 980 2550 quid
1003 2473 1318 2544 machinae,
1339 2474 1481 2551 quid
1497 2474 1754 2533 fallaciae
1771 2494 1928 2552 prae-

244 2554 560 2632 stigiaeque
577 2555 600 2612 2
626 2571 765 2611 num
783 2553 907 2610 sine
923 2553 1145 2612 ratione
1162 2572 1285 2611 esse
1302 2555 1648 2631 potuerunt?
1701 2554 1757 2614 Ο
1772 2574 1928 2632 prae·

243 2633 457 2692 clarum
486 2651 695 2691 munus
722 2632 977 2704 deorum,
997 2641 1065 2691 ut
1093 2633 1375 2691 Phormio
1402 2635 1587 2711 possit
1615 2634 1829 2694 dicere:

245 2761 384 2813 Cedo
405 2774 603 2810 senem:
641 2759 742 2808 iam
765 2760 1006 2808 instructa
1029 2768 1145 2808 sunt
1168 2761 1235 2808 mi
1260 2761 1310 2809 in
1336 2761 1485 2810 corde
1507 2761 1713 2810 consilia
1739 2760 1920 2812 omnia.

246 2878 444 2938 XXX.
532 2877 563 2936 7
570 2882 622 2936 4.
660 2877 774 2936 Sed
807 2897 1074 2936 exeamus
1108 2897 1141 2936 e
1167 2878 1411 2949 theatro,
1431 2878 1729 2937 veniamus
1754 2879 1815 2937 in
1842 2879 1931 2936 fo·

243 2979 389 3018 rum.
475 2958 705 3016 Sessum
733 2959 782 3016 it
808 2965 1051 3037 praetor.
1138 2957 1293 3026 Quid
1320 2967 1386 3016 ut
1411 2959 1735 3018 iudicetur?
1812 2957 1932 3028 Qui

245 3037 591 3098 tabularium
620 3037 950 3096 incenderit.
1022 3036 1195 3105 Quod
1215 3038 1446 3097 'facinus
1475 3039 1791 3098 occultius?
1861 3038 1931 3098 Id

247 3139 306 3178 se
327 3119 396 3188 Q„
417 3118 633 3188 Sosius,
649 3118 980 3195 splendidus
1003 3136 1177 3194 eques
1198 3118 1493 3178 Romanus
1512 3139 1583 3178 ex
1610 3137 1749 3196 agro
1772 3119 1931 3178 Pice-

247 3217 342 3270 n0,
372 3199 576 3258 fecisse
611 3197 905 3256 confessus
939 3204 1040 3256 est.
1120 3196 1236 3267 Qui
1262 3200 1681 3276 transcripserit
1706 3199 1931 3258 tabulas
