2199 3546
229 150 321 196 158
749 146 850 197 DE
882 145 1384 198 DIVINATIONE.
1476 196 1481 201 .

225 248 390 305 sisset
434 247 652 324 trisque
688 254 879 324 partes
923 266 1054 306 aves
1091 246 1461 319 abdixissent‚
1492 252 1697 323 quarta
1731 253 1911 325 parte,

226 347 370 404 quae
399 334 520 385 erat
541 326 772 403 reliqua,
794 328 853 384 in
876 328 1139 403 regiones
1160 327 1467 386 distributa
1487 326 1737 385 mirabili
1759 347 1914 405 mag-

223 408 490 465 nitudine
531 426 719 479 uvam,
745 414 812 465 ut
843 408 1122 485 scriptum
1156 408 1435 478 videmUS,
1464 408 1701 465 invenit.
1787 406 1915 475 Qua

224 506 284 545 re
313 486 593 545 celebrata
621 507 752 544 cum
782 488 956 545 vicini
989 506 1189 546 omnes
1222 487 1297 545 ad
1324 506 1457 545 eum
1486 487 1558 545 de
1594 487 1763 545 rebus
1796 488 1914 544 suis

224 568 518 638 referrent,
548 574 670 625 erat
702 568 762 624 in
795 586 1008 643 magno
1041 567 1277 625 nomine
1311 573 1371 625 et
1402 567 1599 643 gloria.
1688 573 1779 625 32.
1825 567 1911 625 Ex

225 666 341 725 quo
375 648 595 705 factum
630 653 718 705 est
750 653 816 704 ut
849 666 982 704 eum
1015 647 1089 705 ad
1118 666 1179 705 so
1206 666 1305 703 rex
1332 646 1563 711 Priscus
1590 654 1910 705 arcesseret.

223 727 404 785 Cuius
445 748 576 785 cum
620 734 931 803 temptaret
971 726 1271 784 scientiam
1312 734 1639 802 auguratm,
1670 727 1818 783 dixit
1860 728 1912 784 ei

223 808 476 884 cogitare
498 827 558 865 se
580 807 888 886 quiddam:
925 806 988 863 id
1007 814 1277 886 possetne
1297 805 1423 865 fieri
1440 806 1745 867 consuluit.
1808 806 1913 865 Ille

223 888 463 963 augurio
493 895 620 946 acto
642 906 810 964 posse
831 886 1145 963 respondit.
1212 885 1559 964 Tarquinius
1578 894 1773 945 autem
1792 887 1915 944 dix-

223 968 271 1023 it
299 987 358 1024 se
387 968 668 1044 cogitasse
697 974 886 1025 cotem
916 966 1195 1025 novacula
1220 986 1389 1044 posse
1417 966 1687 1043 praecidi.
1762 966 1912 1025 Tum

222 1047 431 1104 Attum
461 1048 691 1105 iussisse
719 1047 978 1123 experiri.
1063 1046 1156 1104 Ita
1182 1054 1373 1105 cotem
1400 1046 1461 1103 in
1488 1047 1792 1105 comitium
1818 1047 1915 1104 ad-

222 1126 397 1183 latam
426 1128 782 1204 inspectante
811 1134 870 1184 et
891 1145 1024 1204 rege
1052 1134 1112 1185 et
1131 1126 1350 1204 populo
1379 1126 1657 1187 novacula
1682 1146 1804 1185 esse
1830 1127 1915 1184 di.-

223 1206 442 1264 scisam.
527 1207 616 1264 Ex
649 1226 719 1265 eo
752 1208 943 1265 evenit
970 1214 1038 1265 ut
1065 1215 1123 1265 et
1151 1206 1497 1285 Tarquinius
1522 1226 1739 1283 augure
1766 1206 1914 1265 Atto

223 1286 410 1344 Navio
445 1293 700 1345 uteretur
733 1294 792 1347 et
818 1286 1068 1365 populus
1102 1288 1175 1345 de
1208 1288 1325 1346 suis
1358 1286 1529 1354 rebus
1559 1287 1635 1345 ad
1668 1307 1800 1345 eum
1833 1306 1915 1345 re·

222 1367 414 1425 ferret.
503 1374 596 1426 33.
634 1367 841 1426 Cotem
871 1375 1062 1427 autem
1092 1368 1251 1425 illam
1279 1375 1339 1425 et
1366 1367 1704 1425 novaculam
1728 1368 1915 1425 defos-

223 1466 344 1505 sam
385 1448 448 1504 in
489 1448 729 1507 comitio
769 1468 1056 1527 supraque
1097 1448 1438 1525 impositum
1472 1447 1664 1525 puteal
1698 1448 1915 1524 accepi-

221 1546 366 1585 muS.
452 1528 748 1605 Negemus
792 1528 1002 1599 omnia,
1039 1528 1445 1586 comburamus
1492 1528 1739 1599 annaleS,
1780 1526 1915 1587 ficta

220 1606 362 1679 haec
391 1627 512 1667 esse
533 1608 808 1679 dicatum,
835 1608 1063 1685 quidvis
1085 1608 1333 1685 denique
1353 1607 1550 1684 potius
1578 1627 1751 1685 quam
1774 1608 1913 1667 deos

221 1706 312 1743 res
339 1688 618 1745 humanas
644 1707 840 1746 curare
860 1688 1161 1746 fateamur.
1230 1688 1421 1757 Quid?
1454 1682 1613 1765 quod
1634 1689 1911 1765 scriptum

222 1768 380 1844 apud
405 1777 464 1826 te
493 1776 579 1826 est
606 1768 678 1826 de
705 1768 793 1827 Ti.
817 1767 1094 1840 Gracch0‚
1118 1788 1313 1826 nonne
1340 1776 1399 1826 et
1426 1787 1711 1846 augurum
1738 1776 1798 1828 et
1818 1767 1915 1826 ha-

221 1849 513 1926 ruspicum
548 1847 888 1926 comprobat
921 1848 1323 1926 disciplinam?
1366 1849 1467 1926 qui
1495 1867 1627 1908 cum
1655 1848 1914 1906 taberna-

221 1929 414 1986 culum
464 1929 606 1987 vitio
661 1927 906 2006 cepisset
951 1929 1304 2005 immadem,
1350 1929 1509 2006 quod
1555 1929 1911 2006 inauspicato

221 2009 545 2086 pomerium
580 2015 962 2085 transgressus
995 2015 1160 2079 esset,
1184 2009 1422 2066 comitia
1451 2008 1789 2066 ‚consulibus
1826 2028 1913 2066 ro-

221 2089 428 2165 gandis
472 2089 690 2147 habuit.
777 2087 933 2146 Nota
976 2108 1066 2146 res
1108 2095 1289 2146 estet
1321 2108 1355 2146 a
1386 2095 1445 2146 te
1478 2089 1607 2165 ipso
1639 2089 1913 2146 mandata

222 2169 628 2226 monumentis,
705 2167 821 2225 Sed
849 2175 907 2226 et
933 2168 1058 2245 ipse
1085 2187 1270 2244 augur
1294 2168 1383 2227 Ti.
1407 2167 1699 2226 Gracchus
1726 2169 1913 2244 auspi-

221 2249 441 2305 ciorum
463 2248 864 2306 anctoritatem
887 2248 1249 2306 confessione
1276 2248 1448 2307 errati
1468 2249 1558 2306 sui
1578 2247 1913 2326 comproba-

223 2328 306 2384 vit
340 2335 399 2384 et
425 2327 792 2404 haruspicum
819 2326 1157 2403 disciplinae
1182 2347 1393 2405 magna
1414 2328 1651 2387 accessit
1670 2328 1913 2387 auctori-

221 2413 326 2478 tas,
352 2408 452 2484 qui
473 2407 798 2465 recentibus
825 2407 1076 2464 comitiis
1102 2407 1167 2464 in
1196 2415 1455 2466 senatum
1480 2408 1797 2468 introducti
1816 2427 1911 2468 ne-

221 2495 500 2563 gaverunt
527 2486 743 2545 iustum
772 2487 1141 2545 comitiorum
1170 2495 1495 2563 rogatorem
1524 2487 1720 2546 fuisse.

301 2565 528 2625 XVIII.
618 2571 710 2625 34.
755 2566 835 2625 Iis
867 2567 1046 2644 igitur
1076 2567 1385 2640 adsentior,
1416 2567 1517 2645 qui
1549 2567 1668 2626 duo
1700 2585 1911 2644 genera

222 2645 646 2704 divinationum
689 2665 810 2706 esse
849 2647 1152 2705 dixerunt:
1208 2667 1390 2706 unum
1434 2647 1593 2726 quod
1625 2647 1909 2725 particeps

222 2733 370 2784 esset
397 2727 552 2798 artie,
578 2727 820 2785 alterum
849 2727 1007 2804 quod
1033 2733 1157 2785 arte
1188 2735 1418 2786 careret.
1502 2727 1610 2785 Est
1635 2727 1791 2786 enim
1818 2745 1909 2784 ars

221 2806 280 2862 in
312 2807 397 2876 ἰὶει,
424 2807 522 2883 qui
551 2826 728 2864 novas
754 2827 844 2864 res
877 2807 1205 2866 coniectura
1230 2813 1667 2885 persequuntur,
1690 2813 1909 2866 veteres

222 2886 618 2945 observatione
660 2886 1000 2946 didicerunt.
1085 2885 1299 2945 Carent
1335 2895 1531 2967 autem
1562 2893 1685 2949 arte
1714 2886 1775 2957 ii,
1807 2886 1907 2964 qui

221 2985 336 3023 non
373 2967 593 3024 ratione
626 2974 726 3025 aut
756 2967 1086 3026 coniectura
1118 2966 1435 3025 observatis
1460 2986 1527 3024 ac
1554 2967 1769 3026 notatis
1797 2965 1909 3044 sig-

221 3047 325 3116 niS,
352 3047 452 3104 sed
473 3046 858 3104 concitatione
887 3046 1133 3124 quadam
1162 3047 1341 3105 animi
1368 3054 1469 3106 aut
1496 3046 1685 3106 soluto
1706 3046 1909 3105 libero-

221 3145 331 3200 que
366 3131 530 3183 motu
563 3127 760 3184 futura
791 3127 1451 3204 praesentiunt-quod
1482 3133 1543 3185 et
1574 3126 1908 3190 somnianti-

221 3201 327 3260 bus
355 3223 524 3280 saepe
555 3205 844 3280 contingit
875 3212 935 3263 et
967 3225 1084 3264 non
1112 3225 1429 3283 numquam
1463 3205 1908 3264 vaticinantibus}
