2199 3546
289 132 383 181 178
805 128 908 202 DE
944 129 1449 180 DIVINATIONE.
1558 173 1567 180 .

283 251 412 290 rum
441 229 612 290 credo
639 230 896 303 scientia,
918 251 1038 290 non
1064 231 1339 290 locorum.
1419 237 1509 291 88.
1538 231 1980 310 'Amphilochus

282 319 342 370 et
381 311 622 389 Mopsus
653 311 1005 388 Argivorum
1039 331 1203 389 reges
1241 313 1493 382 fuerunt,
1526 313 1626 370 sed
1667 313 1849 372 iidem
1882 334 1981 373 au-

281 411 466 469 gureS,
497 392 654 470 iique
696 391 866 449 urbes
899 393 960 448 in
995 412 1094 450 ora
1127 393 1416 451 maritima
1455 391 1693 452 Ciliciae
1728 393 1980 454 Graecas

279 471 678 530 condiderunt.
763 471 964 550 Atque
991 472 1169 530 etiam
1196 479 1331 530 ante
1363 469 1473 530 hos
1498 472 1891 552 Amphiaraus
1919 482 1980 532 et

280 551 542 623 Tiresias,
572 569 690 608 non
723 550 974 610 humiles
1005 559 1064 610 et
1106 551 1335 611 obscuri
1366 553 1555 631 neque
1586 572 1789 612 eorum
1822 554 1980 613 simi-

279 631 378 704 les,
402 639 470 690 ιιι
495 631 650 709 apud
678 631 933 689 Ennium
963 638 1065 704 est,

425 753 526 814 Qui
553 751 631 801 sui
658 760 893 816 quaestus
919 765 1070 802 causa
1095 753 1239 801 fictas
1264 752 1507 802 suscitant
1533 753 1823 816 sententias,

281 871 384 929 sed
413 870 550 929 clari
583 877 642 929 et
673 877 1030 948 praestantes
1055 871 1181 943 viri,
1207 871 1309 949 qui
1342 871 1545 931 avibus
1577 879 1639 930 et
1671 873 1854 950 signis
1880 873 1979 932 ad-

280 951 490 1009 moniti
537 952 736 1009 futura
777 950 1060 1010 dicebant.
1146 951 1408 1021 Quorum
1455 952 1530 1011 de
1572 952 1753 1011 altero
1799 953 1975 1012 etiam

279 1032 435 1109 apud
483 1032 701 1090 inferos
744 1031 1042 1090 Homerus
1080 1031 1166 1089 ait
1215 1031 1251 1060 “
1266 1032 1453 1090 solum
1494 1053 1709 1111 sapere,
1752 1041 1976 1092 ceteros

263 1111 612 1178 ‚umbrarum
646 1111 838 1188 vagari
881 1110 1114 1170 mod0.’'
1197 1111 1618 1189 Amphiaraum
1653 1120 1848 1173 autem
1893 1114 1974 1172 sic

278 1190 587 1249 honoravit
610 1191 771 1248 fama
795 1191 1086 1263 Graeciae,
1110 1191 1253 1250 deus
1278 1201 1346 1250 ut
1372 1191 1679 1251 haberetur
1704 1201 1881 1270 atque
1909 1201 1975 1251 ut

279 1271 353 1328 ab
381 1272 504 1330 eius
531 1270 670 1342 solo,
695 1271 756 1328 in
785 1290 902 1348 quo
931 1279 1020 1330 est
1050 1271 1342 1344 humatus,
1364 1271 1593 1330 oracula
1624 1279 1971 1349 peterentur.

281 1357 374 1409 89.
412 1350 601 1420 Quid?
680 1351 857 1409 Asiae
895 1369 996 1409 rex
1037 1350 1303 1408 Priamus
1344 1370 1537 1409 nonne
1578 1359 1638 1410 et
1681 1351 1973 1411 Helenum

277 1429 462 1489 fflium
502 1437 564 1488 et
598 1428 978 1488 Cassandram
1018 1429 1197 1488 filiam
1238 1431 1563 1489 divinantes
1604 1430 1872 1503 habebat,
1902 1432 1976 1490 al·

279 1516 466 1568 terum
495 1510 765 1586 auguriiS,
789 1510 1024 1568 alteram
1052 1509 1267 1568 mentis
1292 1511 1629 1582 incitatione
1656 1518 1718 1569 et
1749 1531 1975 1589 permo—

280 1590 441 1648 tione
468 1589 701 1648 divina?
781 1589 912 1658 Quo
941 1590 1004 1647 in
1031 1609 1239 1666 genere
1273 1589 1519 1649 Marcios
1547 1591 1831 1668 quosdam
1866 1593 1975 1650 fra-

279 1676 411 1740 tres,
440 1669 624 1727 nobili
664 1669 793 1728 loco
827 1676 1012 1741 natOS,
1041 1669 1199 1746 apud
1238 1670 1485 1728 maiores
1522 1677 1755 1728 nostros
1796 1672 1974 1730 fuisse

281 1750 559 1827 scriptum
601 1749 878 1808 videmus.
965 1749 1162 1819 Quid?
1243 1749 1559 1827 Polyidum
1601 1748 1972 1811 Corinthium

279 1848 472 1889 nonne
513 1830 806 1889 Homerus
845 1837 904 1889 et
949 1829 1077 1888 aliis
1123 1830 1309 1888 multa
1346 1837 1409 1889 et
1453 1830 1574 1889 filio
1622 1831 1696 1889 ad
1738 1830 1972 1889 Troiam

278 1909 666 1988 proficiscenti
693 1917 940 1968 mortem
969 1909 1317 1988 praedixisse
1344 1912 1797 1969 commemorat?
1839 1912 1976 1971 Om-

278 1990 422 2048 nino
471 1990 627 2069 apud
680 1997 914 2063 veteres,
965 1990 1066 2068 qui
1121 2009 1308 2048 rerum
1363 1990 1751 2068 potiebantur,
1794 1992 1971 2051 iidem

281 2072 522 2148 auguria
552 2070 840 2130 tenebant.
923 2069 1014 2129 Ut
1053 2070 1211 2129 enim
1244 2089 1456 2147 sapere,
1488 2070 1568 2128 sic
1602 2069 1862 2129 divinare
1892 2092 1976 2130 re-

281 2151 408 2227 gale
442 2152 744 2222 ducebant,
773 2157 842 2209 ut
879 2150 1044 2209 testis
1077 2156 1165 2208 est
1196 2158 1395 2207 nostra
1424 2150 1642 2221 civitas,
1674 2151 1735 2208 in
1770 2170 1887 2229 qua
1918 2160 1975 2210 et

281 2250 445 2307 reges
491 2250 736 2307 augures
783 2237 843 2288 et
889 2237 1092 2307 postea
1140 2230 1349 2307 privati
1396 2229 1601 2287 eodem
1652 2232 1972 2291 sacerdotio

281 2310 530 2388 praediti
572 2328 692 2367 rem
733 2309 1028 2386 publicam
1059 2309 1405 2387 religionum
1440 2311 1782 2370 auctoritate
1823 2332 1975 2371 rexe-

282 2394 435 2447 runt.
533 2388 690 2446 XLI.
771 2394 864 2447 90.
899 2388 1101 2466 anue
1140 2390 1567 2447 divinationum
1608 2392 1757 2449 ratio
1799 2412 1875 2450 ne
1914 2392 1973 2450 in

283 2467 536 2527 barbaris
569 2467 802 2546 quidem
836 2469 1107 2545 gentibus
1139 2468 1403 2547 neglecta
1435 2478 1539 2542 est,
1570 2470 1619 2529 si
1652 2472 1888 2549 quidem
1918 2479 1973 2531 et

284 2549 346 2606 in
393 2548 578 2606 Gallia
621 2548 880 2607 Druidae
928 2556 1079 2621 sunt,
1116 2568 1147 2607 e
1196 2549 1406 2627 quibus
1454 2550 1579 2628 ipse
1617 2550 1972 2611 Divitiacum

285 2628 554 2686 Aeduum
611 2627 902 2705 hospitem
956 2635 1125 2688 tuum
1178 2628 1650 2707 laudatoremque
1706 2631 1969 2709 cognovi,

286 2707 387 2785 qui
429 2714 488 2765 et
527 2713 761 2766 naturae
801 2709 1103 2779 rationem,
1141 2728 1315 2787 quam
1356 2714 1726 2785 φυσιολογίαν
1768 2710 1972 2769 Graeci

284 2786 591 2865 appellant,
621 2794 821 2845 notam
848 2808 970 2846 esse
998 2788 1110 2847 sibi
1141 2788 1520 2866 profitebatur
1548 2798 1607 2847 et
1637 2790 1852 2866 partim
1880 2809 1974 2847 au·

285 2868 480 2944 guriiS,
505 2867 716 2944 partim
745 2867 1073 2926 coniectura
1101 2887 1246 2945 quae
1274 2875 1464 2926 essent
1496 2870 1693 2927 futura
1724 2869 1969 2940 dicebat,

285 2954 346 3005 et
376 2948 438 3004 in
472 2946 664 3005 Persis
689 2954 1056 3025 augurantur
1095 2955 1156 3005 et
1196 2948 1460 3005 divinant
1493 2948 1664 3024 Magi,
1698 2950 1801 3027 qui
1842 2968 1973 3007 con-

285 3033 596 3101 gregantur
623 3026 684 3083 in
715 3026 856 3082 fano
885 3027 1316 3083 commentandi
1338 3044 1507 3084 causa
1532 3036 1705 3104 atque
1734 3030 1887 3087 inter
1914 3047 1971 3085 se

285 3104 667 3180 colloquendi,
700 3104 856 3179 quod
903 3104 1078 3159 etiam
1120 3103 1275 3160 idem
1309 3123 1413 3161 vos
1454 3108 1747 3180 quondam
1780 3108 1971 3165 facere
2018 3141 2037 3153 ·

284 3180 472 3240 Nonis
513 3180 798 3239 solebatis,
884 3186 977 3236 91.
1023 3180 1147 3237 Nec
1189 3181 1491 3255 quisquam
1532 3202 1629 3241 rex
1664 3186 1964 3244 Persarum

487 3415 772 3497 A
