2199 3546
193 96 226 143 6
637 94 738 144 DE
769 93 1075 144 NATURA
1104 93 1426 146 DEORUM.

193 213 295 251 nes
334 212 453 250 non
495 194 761 252 socordes
801 194 876 254 ad
907 195 1028 252 veri
1059 193 1447 272 investigandi
1480 195 1887 272 cupiditatem.'

196 280 248 331 5.
287 273 401 331 Res
429 273 584 331 enim
611 273 768 331 nulla
794 281 896 345 est,
923 275 994 331 de
1018 294 1131 351 qua
1150 281 1315 332 tanto
1344 293 1515 350 opere
1544 295 1661 332 non
1692 275 1879 332 solum

195 353 431 424 indocti,
455 354 558 412 sed
589 354 763 412 etiam
792 355 950 412 docti
979 355 1335 412 dissentiant.
1406 354 1665 422 Quorum
1696 355 1881 431 opini-

194 451 334 490 ones
382 453 513 491 cum
563 440 682 491 tam
724 434 910 492 variae
960 434 1076 491 sint
1128 440 1363 511 tamque
1410 435 1562 492 inter
1611 455 1670 492 se
1718 435 1882 492 dissi-

194 513 412 584 denteS,
443 513 684 572 alterum
712 513 834 572 fieri
860 513 1127 592 profecto
1154 521 1367 592 potest,
1390 521 1456 572 ut
1484 534 1677 572 earum
1705 515 1879 585 nulla,

194 593 437 652 alterum
471 601 622 652 certe
650 613 767 651 non
793 600 1002 671 potest,
1029 601 1094 652 ut
1126 593 1259 670 plus
1284 613 1399 652 una
1428 613 1559 651 vera
1590 595 1681 652 sit.
1768 594 1877 652 III.

195 673 323 742 Qua
351 673 583 750 quidem
613 675 675 731 in
708 693 876 732 causa
908 681 967 732 et
993 673 1303 732 benevolos
1336 673 1731 750 obiurgatores
1762 674 1883 752 pla-

194 773 320 812 care
349 760 408 811 et
435 754 662 812 invidos
687 755 1102 831 vituperatores
1134 752 1433 811 confutare
1462 773 1783 830 possumuS‚
1814 762 1883 810 ut

194 833 405 892 alteros
426 833 854 911 reprehendisse
871 834 1177 911 paeniteat,
1194 833 1355 891 alteri
1374 833 1643 890 didicisse
1665 853 1725 890 se
1746 853 1881 910 gau-

195 913 384 972 deant.
469 913 621 970 Nam
650 914 748 991 qui
777 913 1094 972 admonent
1122 913 1303 972 amice
1324 913 1571 971 docendi
1602 921 1751 984 sunt,
1774 914 1879 990 qui

194 993 428 1050 inimice
469 993 820 1050 insectantur
861 993 1191 1070 repellendi.
1292 999 1343 1051 6.
1390 993 1641 1051 Multum
1686 1000 1877 1051 autem

195 1072 426 1130 fluxisse
455 1072 622 1130 video
650 1073 723 1131 de
750 1073 910 1131 libris
937 1074 1166 1144 nostriS,
1190 1092 1335 1150 quos
1368 1073 1693 1150 complures
1719 1072 1879 1130 brevi

195 1160 455 1229 tempore
483 1152 784 1224 edidimus,
809 1153 1146 1230 variumque
1181 1172 1504 1211 sermonem
1537 1153 1751 1230 partim
1778 1153 1883 1210 ad-

196 1233 528 1290 mirantium
559 1232 712 1290 unde
739 1233 850 1290 hoc
878 1233 1329 1310 philosophandi
1355 1232 1523 1292 nobis
1552 1233 1743 1290 subito
1766 1240 1882 1290 stu-

196 1312 358 1369 dium
387 1312 714 1384 exstitisset,
737 1314 948 1390 partim
983 1313 1123 1391 quid
1158 1329 1382 1390 quaque
1412 1313 1485 1370 de
1517 1332 1577 1370 re
1611 1313 1751 1371 certi
1784 1313 1881 1370 ha-

195 1392 462 1450 beremus
489 1392 629 1450 scire
657 1393 1029 1471 cupientium.
1104 1392 1303 1450 Multis
1330 1393 1504 1451 etiam
1534 1393 1685 1450 sensi
1714 1393 1881 1450 mira-

195 1472 311 1536 bile
367 1473 550 1530 videri
595 1491 723 1530 eam
777 1473 946 1530 nobis
991 1473 1363 1551 potissimum
1410 1472 1711 1550 probatam
1758 1493 1879 1530 esse

195 1552 640 1630 philosophiam,
673 1572 816 1630 quae
850 1553 1035 1610 lucem
1077 1553 1321 1629 eriperet
1352 1559 1412 1610 et
1446 1553 1608 1630 quasi
1649 1560 1878 1610 noctem

195 1632 480 1708 quandam
515 1631 686 1690 rebus
721 1633 1059 1704 offunderet,
1072 1632 1443 1710 desertaeque
1464 1633 1801 1710 disciplinae
1822 1640 1881 1690 et

196 1713 312 1770 iam
340 1712 564 1790 pridem
598 1712 826 1771 relictae
859 1712 1246 1790 patrocinium
1278 1711 1685 1791 necopinatum
1712 1733 1757 1770 .a
1783 1733 1883 1770 no-

195 1792 286 1851 bis
307 1812 428 1851 esse
449 1800 794 1869 susceptum.
863 1793 988 1851 Nos
1014 1800 1207 1851 autem
1236 1812 1341 1851 nec
1370 1792 1562 1851 subito
1586 1794 1882 1871 coepimus

195 1872 590 1951 philosophari
617 1891 721 1930 nec
742 1873 1088 1931 mediocrem
1118 1892 1154 1929 a
1178 1872 1367 1949 primo
1389 1879 1650 1950 tempore
1679 1874 1883 1931 aetatis

197 1954 258 2010 in
300 1972 369 2011 eo
417 1954 612 2011 studio
660 1970 894 2030 operam
919 1972 1242 2031 ⁸curamque
1290 1953 1767 2030 consumpsimus,
1804 1960 1879 2025 et,

197 2052 330 2091 cum
373 2034 614 2091 minime
655 2032 1006 2104 videbamur,
1041 2040 1167 2091 tum
1220 2033 1470 2090 maxime
1515 2032 1883 2111 philosopha-

196 2112 416 2183 bamnr,
441 2114 598 2189 quod
627 2120 686 2171 et
719 2114 1006 2171 orationes
1039 2114 1329 2170 declarant
1354 2112 1597 2170 refertae
1630 2112 1883 2190 philoso-

197 2192 448 2269 phorum
492 2194 790 2257 sententiis
839 2200 898 2251 et
947 2192 1412 2250 doctissimorum
1455 2191 1758 2249 hominum
1799 2194 1884 2251 fa-

198 2272 572 2340 miliaritates‚
600 2272 808 2349 quibus
841 2291 1066 2349 semper
1106 2272 1313 2330 domus
1354 2279 1553 2330 nostra
1586 2271 1799 2344 floruit,
1824 2280 1883 2331 et

199 2352 487 2429 principes
506 2352 590 2409 illi
611 2351 920 2422 Diodotus,
943 2351 1132 2422 Philo,
1149 2352 1491 2423 AntiochuS‚
1513 2351 1879 2425 PosidoniuS,

199 2451 236 2489 a
269 2431 476 2508 quibus
506 2431 761 2489 instituti
794 2450 1005 2490 sumus,
1098 2430 1151 2490 7.
1196 2431 1274 2489 Et
1314 2433 1365 2489 si
1406 2432 1601 2489 omnia
1632 2432 1885 2509 philoso-

199 2511 370 2589 phiae
397 2516 702 2589 praecepta
726 2511 1052 2569 referuntur
1079 2512 1156 2569 ad
1183 2512 1378 2584 vitam,
1404 2512 1745 2569 arbitramur
1777 2531 1883 2569 nos

201 2598 260 2649 et
291 2590 540 2668 publicis
572 2599 631 2649 et
663 2591 902 2668 privatis
933 2592 995 2649 in
1033 2592 1202 2649 rebus
1242 2612 1310 2651 ea
1342 2591 1706 2669 praestitisse,
1724 2609 1883 2667 quae

200 2672 347 2729 ratio
376 2677 436 2729 et
463 2671 725 2729 doctrina
751 2671 1190 2748 praescripserit.
1260 2672 1363 2730 IV.
1400 2671 1503 2729 Sin
1531 2677 1725 2729 autem
1756 2670 1884 2748 quis

201 2751 440 2827 requirit
473 2770 618 2827 quae
659 2764 828 2809 causa
867 2771 973 2809 nos
1006 2751 1300 2828 impulerit
1338 2758 1404 2809 ut
1434 2750 1577 2807 haec
1604 2757 1723 2809 tam
1758 2770 1883 2809 sero

201 2831 408 2889 litteris
435 2832 851 2902 mandaremuS‚
876 2831 1020 2889 nihil
1053 2830 1327 2909 estquod
1357 2830 1627 2907 expedire
1654 2838 1775 2889 tam
1802 2832 1887 2887 fa-

203 2911 310 2969 cile
352 2912 654 2988 possimus,
757 2911 904 2968 Nam
957 2930 1088 2969 cum
1132 2912 1253 2988 otio
1294 2911 1695 2986 langueremus
1736 2918 1796 2969 et
1836 2911 1886 2967 is

203 2998 351 3049 esset
377 2992 462 3048 rei
487 2990 748 3068 publicae
777 2997 974 3058 status,
999 2999 1066 3047 ut
1093 3008 1219 3047 eam
1247 2990 1419 3047 unius
1446 2990 1686 3047 consilio
1714 2997 1886 3066 atque

203 3090 340 3129 cura
359 3071 664 3147 gubernari
684 3088 912 3127 necesse
934 3075 1096 3138 esset,
1120 3069 1374 3144 primum
1397 3068 1681 3144 ipsiusrei
1702 3070 1887 3145 publi·

204 3170 303 3211 eae
335 3170 506 3209 causa
535 3148 964 3225 philosophiam
999 3147 1211 3205 nostris
1237 3146 1573 3205 hominibus
1605 3146 1887 3223 explicam
