2199 3546
577 151 719 203 ΠΒ.
749 138 1464 215 11.‚·CAP‡XXI1.-XXV.‚
1487 152 1516 212 ς
1544 154 1725 203 49-55.
1904 157 2003 203 215

311 253 560 332 negabat
581 272 642 311 se
669 253 894 324 audere,
919 252 1076 331 quod
1097 258 1230 311 exta
1250 252 1655 330 prohiberent.
1716 254 1751 282 “
1765 252 1861 311 An
1885 261 1949 311 tu
1964 254 2001 283 ’⁹

313 335 504 413 inquit
533 332 568 363 ‘⁴
588 333 924 392 carunculae
951 332 1227 390 vitulinae
1254 334 1437 390 mavis
1466 354 1639 411 quam
1667 334 2001 410 imperatori

313 415 492 472 veteri
525 413 784 471 credere.
767 412 824 455 φ’
903 410 1113 483 Quid
1096 432 1219 491 lpse
1252 412 1476 485 Caesar,
1509 432 1637 471 cum
1690 434 1724 471 a
1772 434 2000 471 summo

311 494 613 579 haruspice
653 499 1000 564 moneretur,
1041 511 1115 549 ne
1155 493 1217 549 iu
1258 492 1520 551 Africam
1563 500 1695 551 ante
1736 493 2002 551 brumam

311 570 741 643 transmitteret,
778 592 970 630 nonne
1010 573 1369 630 transmisit?
1448 572 1621 641 Quod
1654 574 1716 630 ni
1749 574 1997 646 fecisset,

311 674 491 712 unum
526 654 586 713 in
618 654 811 710 Iocum
847 671 1048 710 omnes
1080 652 1529 710 adversariorum
1564 654 1765 729 copiae
1798 672 2002 711 conve-

311 734 546 791 nissent.
631 732 788 801 Quid
817 751 925 809 ego
954 732 1322 809 haruspicum
1350 750 1623 809 respousa
1654 752 2002 791 commemo-

215 845 222 852 ·
311 832 750 891 rem—possum
779 812 1048 889 equidem
1069 812 1736 889 innumerabilia—quae
1758 819 1859 870 aut
1879 814 2001 871 nul·

311 892 398 950 los
426 893 748 950 habuerunt
777 892 963 951 exitus
991 897 1092 949 aut
1120 892 1473 949 contrarios?
1554 898 1646 949 53.
1684 892 1817 950 Hoc
1846 893 2000 951 civili

313 972 479 1043 bello,
502 973 562 1030 di
584 972 968 1030 immortales!
1006 991 1179 1049 quam
1206 972 1391 1030 multa
1410 973 1700 1030 luserunt!
1736 992 1880 1050 quae
1902 992 2002 1031 no-

313 1052 402 1109 bis
441 1053 502 1109 iu
547 1052 846 1109 Graeciam
891 1052 1082 1129 qua
1114 1071 1387 1129 responsa
1416 1052 1782 1130 haruspicum
1827 1054 2002 1111 missa

313 1139 462 1203 sunt,
495 1151 638 1211 quae
673 1132 827 1189 dicta
859 1132 1181 1209 Pompeio!
1262 1132 1497 1190 Etenim
1546 1133 1642 1190 ille
1684 1133 1999 1191 admodum

312 1212 458 1269 extis
491 1220 550 1270 et
583 1211 824 1270 ostentis
858 1211 1210 1273 movebatur.
1296 1212 1431 1270 Non
1460 1212 1621 1271 lubet
1653 1232 2001 1271 commemo-

311 1312 433 1350 rare
467 1312 572 1350 nec
605 1311 741 1349 vero
774 1310 1003 1349 necesse
1035 1299 1139 1363 est,
1169 1292 1280 1349 tibi
1313 1294 1663 1369 praesertim,
1697 1295 1797 1371 qui
1829 1294 2001 1351 inter-

311 1372 492 1429 fuisti.
575 1372 760 1431 Vides
787 1378 980 1429 tamen
1012 1372 1209 1429 omnia
1228 1373 1349 1429 fere
1378 1380 1579 1430 contra
1606 1392 1670 1429 ac
1699 1373 1857 1431 dicta
1884 1374 2001 1431 sint

311 1452 579 1510 evenisse.
665 1452 780 1509 Sed
808 1451 948 1510 haec
978 1451 1270 1509 hactenus
1358 1451 1527 1509 Nunc
1560 1452 1633 1509 ad
1656 1459 1883 1510 ostenta
1911 1472 2000 1510 ve-

311 1533 551 1589 niamuS.
636 1530 833 1590 XXV.
921 1537 1013 1590 54.
1060 1531 1245 1589 Multa
1276 1550 1371 1589 me
1412 1531 1643 1589 consule
1678 1551 1713 1589 a
1742 1550 1837 1589 me
1872 1533 1999 1609 ipso

312 1614 524 1690 scripta
564 1611 832 1682 recitasti,
862 1612 1046 1669 multa
1085 1618 1219 1669 ante
1254 1611 1561 1671 Marsicum
1598 1612 1809 1669 bellum
1848 1628 1882 1669 a
1914 1612 1995 1670 Si-

311 1708 488 1750 senna
514 1692 754 1749 collecta
773 1692 1034 1763 attulisti,
1053 1692 1239 1749 multa
1260 1699 1391 1749 ante
1414 1691 1998 1750 Lacedaemoniorum

309 1772 520 1830 malam
549 1792 804 1850 pugnam
832 1773 894 1829 in
924 1772 1182 1831 Leuctris
1210 1793 1245 1830 a
1276 1762 1625 1831 Callisthene
1654 1793 2000 1831 commemo-

310 1859 434 1913 rata
488 1853 700 1911 dixisti.
784 1852 876 1910 De
933 1853 1173 1930 quibus
1196 1853 1383 1910 dicam
1442 1853 1706 1930 equidem
1758 1853 1999 1930 singulis

313 1933 503 2010 quoad
531 1933 840 2007 videbitur,
865 1933 966 1991 sed
1000 1933 1308 2009 dicendum
1344 1934 1515 1991 etiam
1551 1940 1639 1992 est
1672 1933 1745 1990 de
1778 1934 1999 1990 univer·

312 2014 404 2072 sis,
487 2012 648 2082 Quae
677 2019 763 2071 est
791 2013 942 2070 enim
973 2012 1085 2070 ista
1112 2033 1147 2070 a
1174 2000 1264 2070 dis
1285 2013 1547 2089 profecta
1568 2011 1909 2089 significatio
1940 2022 1999 2070 et

313 2077 473 2172 quasi
503 2094 865 2152 denuntiatio
893 2094 1323 2152 calamitatum?
1398 2093 1553 2162 Quid
1575 2100 1766 2150 autem
1797 2091 1999 2150 volunt

312 2193 378 2232 ea
404 2174 467 2231 di
494 2174 848 2231 immortales
876 2174 1129 2251 primum
1166 2173 1567 2251 significanteS,
1594 2191 1738 2250 quae
1766 2173 1887 2230 sine
1918 2174 1998 2230 in-

311 2255 656 2332 terpretibus
683 2274 800 2312 norn
830 2254 1119 2331 possimus
1139 2253 1483 2331 intellegere,
1508 2253 1717 2312 deinde
1746 2273 1827 2325 ea,
1854 2273 1999 2331 quae

312 2353 508 2392 cavere
555 2336 941 2413 nequeamus?
1035 2334 1120 2391 At
1168 2333 1279 2391 hoc
1327 2353 1400 2391 ne
1450 2333 1715 2392 homines
1764 2334 1997 2411 quidem

311 2414 479 2490 probi
534 2415 774 2487 faciunt,
819 2420 886 2472 ut
939 2414 1140 2472 amicis
1193 2414 1594 2490 impendentes
1649 2414 1999 2472 calamitates

312 2494 659 2571 praedicant,
685 2514 826 2572 quas
859 2494 942 2552 illi
973 2495 1228 2570 effugere
1261 2493 1419 2551 nullo
1454 2493 1631 2551 modo
1666 2495 1906 2570 possint,
1932 2500 1999 2550 ut

313 2574 539 2646 medici,
577 2593 923 2652 quamquam
965 2574 1311 2652 intellegunt
1363 2592 1547 2651 saepe,
1583 2581 1775 2631 tamen
1835 2592 1998 2629 num-

313 2672 483 2730 quam
527 2655 711 2732 aegris
745 2655 954 2712 ·dicunt
986 2654 1085 2711 illo
1128 2653 1332 2724 morbo
1376 2673 1475 2711 eos
1516 2673 1636 2710 esse
1669 2653 1993 2711 morituros

311 2735 519 2792 Omnis
553 2736 704 2791 enim
742 2735 1058 2812 praedictio
1093 2735 1231 2792 mali
1265 2743 1389 2791 tum
1424 2733 1716 2810 probatur,
1748 2751 1880 2790 cum
1924 2733 1998 2790 ad

310 2815 764 2892 praedictionem
808 2816 998 2872 cautio
1039 2815 1387 2892 adiungitur.
1472 2820 1569 2870 55.
1624 2812 1780 2882 Quid
1821 2814 1999 2890 igitur

311 2903 413 2952 aut
442 2901 668 2952 ostenta
696 2903 794 2953 aut
822 2914 1019 2953 eorum
1043 2895 1383 2972 interpretes
1406 2895 1492 2951 vel
1518 2894 1999 2950 Lacedaemonios

312 2975 452 3042 olim
495 2975 584 3032 vel
617 2995 800 3052 nuper
832 2982 1060 3032 nostros
1102 2975 1479 3032 adiuverunt?
1561 2973 1719 3042 Quae
1754 2974 1802 3030 si
1836 2974 1999 3050 signa

310 3055 552 3112 deorum
579 3055 839 3132 putanda
865 3061 1015 3126 sunt,
1037 3075 1139 3112 cur
1164 3062 1283 3113 tam
1316 3054 1555 3111 obscura
1582 3055 1848 3111 fuerunt.
1833 3055 1853 3096 2
1884 3025 1999 3110 ”Si

313 3136 485 3207 enim,
511 3143 578 3192 ut
607 3135 1066 3213 intellegeremus
1095 3135 1237 3212 quid
1260 3142 1405 3192 esset
1427 3141 1779 3202 eventurum,
1804 3141 1999 3226 apert-e

311 3213 589 3273 ‘declarari
623 3216 942 3292 oportebat,
969 3221 1070 3273 aut
1099 3233 1171 3272 ne
1201 3214 1421 3272 occulte
1452 3214 1701 3291 quidem,
1728 3215 1774 3270 si
1804 3234 1870 3272 ea
1898 3215 1997 3276 sci
