2199 3546
624 156 766 206 LIB.
788 155 858 218 1.,
877 155 1036 208 cAP.
1057 154 1421 218 xm—XXI„
1445 154 1475 216 5
1498 157 1678 206 36-43.
1904 157 2007 205 161.

308 264 462 329 runt,
487 265 554 316 ut
586 257 677 330 ait,
700 257 998 328 Philistus,
1023 277 1173 329 eum,
1198 276 1369 335 quem
1407 257 1505 315 illa
1536 256 1867 335 peperisset,
1892 257 2002 315 cla-

308 339 600 396 rissimum
633 338 902 396 Graeciae
937 337 1209 396 diuturna
1240 357 1375 394 eum
1406 339 1643 395 fortuna
1674 338 1815 395 fore.
1902 341 1996 394 40.

309 419 466 476 Num
497 426 556 476 te
583 417 656 475 ad
684 417 908 475 fabulas
936 437 1143 476 revoco
1170 416 1259 475 vel
1287 424 1614 475 nostrorum
1643 417 1731 474 vel
1760 416 2001 474 Graeco-

308 518 438 556 rum
472 499 817 576 poetarum?
890 497 1103 556 Narrat
1134 496 1288 556 enim
1324 505 1383 555 et
1415 498 1571 575 apud
1603 497 1859 555 Ennium
1888 497 2001 555 Ve-

309 578 470 636 stalis
498 577 626 636 illa:

472 693 648 742 Eccita
669 707 782 742 cum
805 691 1032 742 tremulis
1055 707 1180 740 anus
1200 691 1368 741 attulit
1386 693 1594 742 artubus
1614 693 1802 756 lumen,

473 759 619 807 Talia
638 766 746 806 tum
767 767 1016 806 memorat
1033 759 1315 818 lacrimans,
1337 759 1575 808 exterrita
1594 775 1799 809 somno:

481 825 516 848 ‘⁶
533 823 790 872 Eurudica
806 832 1065 886 prognata,
1088 832 1228 886 pater
1244 839 1395 886 quam
1413 833 1581 872 noster
1596 825 1799 887 amavit,

477 888 625 938 Vires
645 889 847 950 vitaque
865 903 1044 950 corpus
1071 903 1236 937 meum
1262 905 1391 936 :nnnc
1414 889 1599 938 deserit
1620 905 1781 938 omne.

475 954 609 1002 Nam
631 968 713 1002 me
734 954 867 1001 visus
888 953 1038 1002 homo
1059 954 1261 1016 pulcher
1282 969 1371 1016 per
1388 969 1603 1004 amoena
1622 957 1797 1004 salicta

479 1020 549 1067 Et
571 1019 704 1080 ripas
729 1029 925 1082 raptare
945 1019 1175 1080 locosque
1197 1035 1350 1068 novos
1370 1037 1383 1067 ε
1417 1019 1491 1068 ita
1513 1021 1620 1068 sola

479 1083 704 1144 Postilla,
727 1097 966 1144 germana
989 1097 1143 1145 soror,
1168 1099 1331 1133 errare
1352 1085 1553 1133 videbar

475 1149 740 1214 'sard-aque
764 1149 1010 1210 vestigare
1029 1159 1080 1198 et
1102 1164 1337 1212 quaerere
1361 1162 1410 1198 te
1426 1165 1585 1213 neque
1606 1165 1749 1213 posse

479 1215 642 1264 Corde
659 1229 943 1278 capessere:
977 1215 1153 1262 semita
1170 1214 1303 1264 nulla
1321 1215 1495 1278 pedem
1514 1216 1781 1267 stabilibat.

309 1275 407 1328 41.
477 1281 614 1329 Exin
635 1280 934 1343 compellare
955 1289 1094 1342 pater
1114 1295 1195 1328 me
1216 1295 1335 1328 voce
1354 1281 1547 1330 videtur

475 1347 575 1396 His
596 1346 787 1394 verbis:
825 1346 840 1370 ‘
860 1345 907 1395 O
925 1355 1094 1406 gnata,
1116 1346 1204 1393 tibi
1228 1355 1345 1394 sunt
1364 1355 1480 1395 aitte
1501 1347 1731 1396 t'erendae

476 1413 782 1472 Aerumnae,
804 1419 918 1474 post
939 1426 1006 1460 ex
1025 1411 1177 1459 fluvio
1197 1411 1395 1460 fortuna
1416 1411 1643 1461 resistet.’

477 1477 620 1526 Haec
639 1477 827 1525 ecfatus
850 1484 1006 1538 pater,
1029 1490 1284 1536 germana,
1308 1487 1509 1538 repente
1528 1478 1727 1526 recessit

477 1543 586 1591 Nee
609 1557 717 1591 sese
739 1541 878 1607 dedit
897 1542 950 1589 in
973 1551 1291 1604 conspectum
1316 1542 1464 1591 corde
1483 1543 1705 1606 cupitus:

478 1607 796 1670 Quamquam
818 1607 979 1655 multa
1000 1622 1177 1656 manus
1197 1607 1260 1655 ad
1285 1607 1407 1656 caeli
1427 1608 1622 1656 caerula
1643 1608 1831 1671 templa

477 1673 768 1722 Tendebam
792 1672 1059 1721 lacrimans
1079 1683 1131 1720 et
1152 1672 1333 1720 blanda
1356 1688 1474 1721 voce
1499 1673 1753 1732 vocabam,

449 1739 586 1793 ‚Vix
607 1753 760 1801 aegro
779 1753 894 1789 cum
918 1737 1068 1789 corde
1089 1753 1201 1787 meo
1222 1752 1303 1787 me
1322 1753 1523 1789 somnus
1546 1737 1791 1804 reliquit.’'

316 1856 486 1916 XXI.
570 1863 666 1915 42.
702 1856 880 1928 Haec,
906 1858 1080 1913 etiam
1110 1856 1158 1913 si
1180 1855 1314 1939 fieta
1341 1863 1476 1913 sunt
1502 1876 1539 1914 a
1557 1864 1749 1934 poeta,
1775 1876 1891 1915 non
1912 1857 2008 1915 ab·

319 1945 458 1995 sunt
499 1943 694 1994 tamen
737 1956 772 1994 a
813 1936 1231 1995 consuetudine
1279 1938 1652 1995 somniorum.
1738 1938 1828 1995 Sit
1872 1957 2006 2003 sane

320 2017 498 2155 ἓξὲξ
532 2016 676 2174 {1113}
708 2017 1194 2110 commenticium,
1220 2036 1335 2094 quo
1364 2017 1629 2075 Priamus
1662 2024 1749 2076 est
1781 2026 2007 2076 contur-

493 2141 508 2169 2

487 2262 500 2273 .
524 2261 537 2272 .
562 2260 574 2273 .
601 2230 760 2273 mater
775 2223 982 2285 gravida
1002 2238 1173 2286 parere
1194 2239 1247 2273 se
1266 2223 1522 2275 ardentem
1542 2224 1704 2273 facem

487 2290 613 2337 Visa
633 2298 709 2338 est
730 2289 782 2338 in
803 2290 990 2338 somnis
1016 2290 1255 2339 Hecubaz
1294 2304 1392 2351 quo
1416 2290 1547 2338 facto
1569 2299 1711 2353 pater

483 2355 598 2404 Rex
618 2355 722 2417 ipse
745 2355 974 2404 Priamus
998 2356 1207 2415 somni0,
1230 2356 1413 2404 mentis
1432 2364 1569 2404 metu

483 2420 761 2481 Perculsus,
784 2421 915 2469 euris
938 2430 1164 2481 sumptus
1186 2420 1559 2483 suspirantibus,

483 2485 882 2535 Exsacrificabat
901 2486 1074 2534 hostiis
1096 2486 1388 2535 balantibus.

483 2552 619 2599 Tum
643 2551 978 2600 coniecturam
1002 2552 1221 2614 postulat
1243 2566 1415 2615 pacem
1434 2562 1623 2615 petens,

485 2617 559 2667 Ut
585 2631 640 2665 se
661 2616 887 2665 edoceret
909 2616 1176 2665 obsecrans
1198 2617 1496 2680 Apollinem,

486 2684 601 2741 Quo
623 2696 732 2731 sese
751 2692 943 2730 vertant
965 2690 1135 2731 tantae
1154 2693 1309 2731 sortes
1329 2683 1591 2731 somnium.

486 2748 568 2796 Ibi
589 2762 656 2796 ex
677 2747 844 2795 oraclo
862 2762 982 2796 voce
1001 2748 1171 2796 divina
1191 2747 1349 2796 edidit

487 2813 686 2875 Apollo,
711 2828 916 2875 puerum
937 2813 1126 2876 primus
1148 2813 1349 2861 Priamo
1370 2812 1456 2874 qui
1478 2812 1603 2861 foret

483 2877 692 2927 Postilla
711 2889 874 2937 natus,
899 2885 1197 2939 temperaret
1218 2877 1417 2925 tollere:

487 2944 622 2992 Eum
645 2958 752 2993 esse
771 2945 978 2993 exitium
1001 2943 1194 3001 Troiae,
1220 2951 1405 3004 pestem
1431 2942 1692 3001 Pergama

325 3066 422 3119 43.
468 3058 600 3119 Sint
626 3060 783 3131 haee,
805 3068 874 3119 ut
899 3060 1038 3130 dixi,
1063 3058 1291 3116 somnia
1315 3055 1659 3125 fabularum,
1681 3054 1887 3130 hisque
1920 3054 2015 3112 ad-

324 3142 602 3217 iungatur
643 3141 816 3197 etiam
857 3140 1088 3196 Aeneae
1122 3138 1435 3205 somnium,
1466 3133 1624 3211 quod
1656 3134 1718 3189 in
1752 3132 2015 3191 Numerii

241 3282 250 3289 ,
327 3221 494 3281 Fabii
514 3219 763 3287 Pictoris
783 3218 1014 3277 Graecis
1034 3217 1335 3275 annalibus
1363 3216 1487 3273 eius
1504 3211 1669 3269 modi
1688 3218 1791 3280 est,
1811 3219 1877 3269 ut
1900 3230 2017 3269 om-
