2199 3546
618 151 752 200 Lm.
785 151 850 212 1.‚
885 150 1044 202 CAP.
1074 150 1389 212 X11.-xv.,
1411 148 1440 211 ς
1466 152 1645 200 20-26.
1884 153 1979 200 155

288 251 552 310 macham
581 251 756 309 Ennii
785 251 857 309 ab
891 271 959 310 ea
984 271 1155 328 posse
1182 251 1465 310 describi?
1540 251 1823 328 Fingebat
1849 250 1978 310 Car-

289 333 498 390 neades
525 333 586 388 in
616 330 895 390 Chiorum
923 332 1250 410 lapicidinis
1277 351 1413 389 saxo
1442 329 1659 389 diffisso
1688 339 1862 410 caput
1889 352 1981 391 ex—

289 413 502 470 stitisse
535 411 800 470 Panisci:
836 412 1007 470 credo
1041 412 1293 490 aliquam
1326 430 1444 469 non
1473 411 1811 470 dissimilem
1839 411 1980 489 figu-

289 513 429 564 ram,
453 493 554 550 sed
582 499 734 566 certe
761 511 880 550 non
907 492 1102 562 talem,
1130 499 1193 550 ut
1220 511 1347 550 eam
1375 492 1589 550 factam
1618 511 1653 550 a
1680 491 1871 570 Scopa
1897 493 1980 550 di-

288 592 458 631 ceres.
544 571 640 632 Sic
669 573 824 630 enim
854 592 914 630 se
942 573 1207 649 profecto
1236 591 1325 630 res
1353 571 1543 644 habet,
1567 580 1634 630 ut
1662 591 1978 650 numquam

289 653 544 730 perfecte
573 652 874 710 veritatem
902 672 1066 710 casus
1093 652 1368 710 imitetur.

369 731 536 792 XIV.
623 737 717 791 24.
762 732 848 790 At
881 751 998 790 non
1035 751 1349 810 numquam
1388 751 1472 804 ea,
1503 751 1647 809 quae
1689 732 1981 809 praedicta

289 819 440 884 sunt,
470 813 664 870 minus
697 813 984 870 eveniunt.
1069 811 1229 881 Quae
1262 811 1496 870 tandem
1527 813 1590 870 id
1616 833 1706 870 ars
1740 831 1855 870 non
1886 813 1981 870 ha-

287 892 422 951 bet?
455 912 649 950 earum
680 892 812 950 dico
840 893 1068 965 artium,
1091 911 1237 971 quae
1264 892 1593 952 coniectura
1613 893 1982 951 continentur

290 979 350 1030 et
392 979 528 1030 sunt
569 972 902 1049 opinabiles,
987 971 1083 1030 An
1123 972 1411 1030 medicina
1451 991 1541 1032 ars
1574 993 1690 1031 non
1724 973 1983 1050 putanda

291 1053 415 1110 est?
458 1071 628 1130 quam
665 1060 865 1110 tamen.
887 1052 1070 1110 multa
1095 1052 1323 1111 fallunt.
1407 1051 1601 1122 Quid?
1640 1053 1983 1131 gubernato-

290 1152 380 1191 res
405 1152 598 1191 nonne
619 1132 936 1191 falluntur?
1007 1133 1108 1190 An
1127 1133 1486 1191 Achivorum
1508 1135 1789 1192 exercitus
1810 1141 1868 1192 et
1889 1140 1982 1192 tot

288 1213 522 1271 navium
551 1220 800 1274 rectores
828 1233 944 1270 non
972 1213 1058 1272 ita
1083 1213 1333 1290 profecti
1362 1220 1497 1272 sunt
1524 1213 1597 1271 ab
1617 1213 1749 1286 Ilio,
1770 1221 1836 1272 ut
1846 1233 1983 1288 pro·

290 1295 538 1368 sectione
580 1293 718 1351 laeti
745 1293 1001 1367 piscium
1045 1293 1753 1366 lasciviamintaerentar,
1784 1301 1850 1352 ut
1898 1294 1983 1352 ait

289 1374 593 1444 PaciiviuS‚
617 1390 720 1430 nec
752 1374 950 1430 tuendi
977 1374 1212 1431 satietas
1240 1389 1435 1446 capere
1452 1374 1687 1447 posset?

293 1507 492 1554 Interea
513 1519 665 1568 prope
686 1505 788 1553 iam
813 1503 1072 1553 occidente
1096 1503 1199 1552 sole
1224 1503 1514 1553 inhorrescit
1536 1521 1690 1565 mare,

289 1571 546 1620 Tenebrae
560 1569 970 1633 conduplicantur
986 1570 1247 1632 noctisque
1259 1578 1311 1618 et
1321 1570 1546 1619 nimbum
1558 1579 1789 1620 occaecat
1799 1571 1981 1632 nigror.

290 1692 349 1750 N
353 1699 448 1749 u'm
479 1692 658 1769 igitur
685 1699 777 1750 tot
803 1691 1247 1750 clarissimorum
1274 1691 1486 1750 ducum
1507 1711 1823 1770 regumque
1851 1713 1986 1751 nau-

289 1773 543 1851 fragium
573 1772 806 1832 sustulit
831 1779 1013 1831 artem
1035 1771 1429 1850 gubernandi?
1462 1780 1562 1831 aut
1585 1793 1723 1831 num
1746 1773 1986 1852 impera-

292 1862 484 1911 torum
521 1854 762 1911 scientia
793 1852 940 1911 nihil
967 1859 1070 1923 est,
1096 1852 1233 1929 quia
1259 1872 1518 1912 summus
1545 1854 1859 1931 imperator
1884 1876 1987 1913 nu-

294 1951 400 2012 per
430 1933 590 2009 fugit
623 1933 834 1989 amisso
863 1932 1151 1991 exercitu?
1192 1940 1293 1991 aut
1324 1953 1465 1991 num
1494 1941 1801 2011 propterea
1831 1936 1987 1994 nulla

297 2020 386 2071 est
413 2013 497 2070 rei
525 2012 788 2089 publicae
815 2012 1098 2089 gerendae
1126 2013 1273 2072 ratio
1306 2022 1478 2092 atque
1506 2014 1827 2091 prudentia,
1853 2016 1987 2093 quia

295 2092 484 2151 multa
538 2092 646 2150 Cn.
682 2092 1048 2169 Pompeium,
1085 2094 1363 2170 quaedam
1412 2094 1491 2152 M.
1533 2094 1833 2168 Catonem,
1866 2116 1984 2155 11011

297 2173 455 2230 nulla
487 2172 658 2231 etiam
695 2178 754 2229 te
787 2172 980 2249 ipsum
1013 2172 1376 2233 fefellerunt?
1459 2174 1676 2232 Similis
1709 2184 1797 2234 cst
1824 2176 1988 2235 haru-

295 2254 520 2331 spicum
541 2253 838 2329 responsio
861 2253 1165 2329 omnisque
1187 2254 1493 2331 opinabilis
1515 2255 1819 2316 divinatio:
1855 2278 1986 2316 con-

294 2334 514 2392 iectura
554 2332 708 2390 enim
750 2332 972 2405 nititur,
1008 2332 1159 2391 ultra
1200 2353 1373 2411 quam
1405 2335 1676 2413 progredi
1710 2357 1827 2396 non
1860 2346 1989 2416 pot-

293 2421 395 2473 est.
482 2418 577 2471 25.
614 2412 700 2470 Ea
719 2412 872 2470 fallit
898 2413 1144 2471 fortasse
1172 2433 1291 2472 11011
1312 2434 1646 2493 numquam,
1672 2418 1771 2475 sed
1793 2425 1986 2477 tamen

293 2494 368 2552 ad
396 2493 697 2551 veritatem
726 2493 1058 2569 saepissime
1091 2494 1319 2571 derigit.
1403 2495 1509 2553 Est
1536 2498 1691 2554 enim
1719 2497 1793 2555 ab
1826 2500 1987 2556 omni

293 2574 632 2633 aeternitate
666 2574 926 2650 repetita,
957 2574 1018 2630 in
1050 2591 1164 2651 qua
1190 2594 1322 2632 cum
1350 2594 1532 2652 paene
1564 2576 1989 2636 innumerabili-

294 2660 383 2711 ter
408 2672 500 2711 res
527 2652 731 2711 eodem
756 2654 932 2711 modo
960 2654 1255 2712 evenirent
1277 2656 1479 2713 iisdem
1504 2656 1683 2733 signis
1705 2665 1989 2735 antegres-

295 2733 392 2805 sis,
426 2752 518 2871 3νὲ
559 2740 646 2791 est
687 2734 894 2791 effecta
933 2733 1136 2793 eadem
1171 2754 1340 2813 saepe
1380 2736 1890 2797 animadvertendo
1924 2759 1989 2797 ac

295 2820 474 2871 notan
520 2832 573 2871 0.

380 2891 518 2952 XV.
564 2891 844 2971 Auspicia
885 2912 1020 2951 vero
1062 2901 1251 2952 vestra
1292 2914 1466 2972 quam
1508 2898 1801 2955 constant!
1844 2918 1989 2975 quae

299 2972 536 3050 quidem
557 2991 712 3031 nunc
734 2993 768 3030 a
787 2973 1064 3031 Romanis
1085 2974 1399 3050 auguribus
1420 2976 1989 3051 ignorantur—bona

299 3053 411 3111 hoc
445 3061 549 3110 tua
579 3052 748 3110 venia
775 3053 1135 3110 dixerim—a
1162 3053 1457 3123 Cilicibus,
1487 3053 1866 3128 Pamphyliis‚
1896 3054 1989 3110 Pi-

301 3133 460 3204 sidis,
491 3132 686 3209 Lyciis
713 3138 997 3190 tenentur.
1083 3138 1179 3189 26.
1225 3132 1377 3190 Nam
1409 3131 1550 3207 quid
1572 3149 1681 3205 ego
1702 3130 1989 3206 hospitem

301 3219 586 3284 nostrum,
609 3210 988 3271 clarissimum
1015 3216 1190 3291 atque
1216 3211 1506 3288 optimum
1537 3209 1738 3277 virum,
1762 3208 1989 3267 Deiota⁴
