2199 3546
438 204 444 208 .
498 163 638 215 ma.
660 163 784 226 111„
812 161 972 214 CAP.
996 159 1522 225 xxx1.-xxx111.‚
1551 162 1579 222 ς
1611 167 1787 213 τες-82.
1899 165 1992 213 135

299 265 467 324 tersit
498 271 694 323 utrum
727 283 900 322 nemo
939 263 1016 322 sit
1048 263 1275 340 sapiens
1308 283 1381 320 an
1420 281 1593 320 nemo
1635 282 1757 322 esse
1788 264 1989 343 possit.

301 345 392 404 Ac
419 364 528 403 nos
555 344 789 422 quidem
819 343 994 401 nimis
1020 342 1207 401 multa
1234 343 1305 400 de
1338 362 1398 401 re
1432 343 1803 420 apertissima..
1887 344 1994 402 Το-

300 425 454 482 lamo
489 431 682 483 autem
716 443 834 482 uno
866 442 1032 480 versu
1065 423 1258 481 locum
1292 429 1483 481 totum
1522 422 1769 495 conficit,
1795 442 1897 481 cur
1928 425 1991 482 di

299 504 566 562 homines
592 503 934 581 neglegant:

298 625 434 674 Nam
457 625 498 673 si
521 630 710 686 curent,
731 623 856 672 bene
879 622 1020 672 bonis
1045 621 1127 683 sit,
1145 621 1279 671 male
1303 621 1477 671 malis:
1516 621 1648 685 quod
1671 637 1803 671 nunc
1829 623 1983 675 abest.

298 741 607 800 Debebant
626 741 712 798 illi
734 740 968 818 quidem
999 758 1203 797 omnes
1221 739 1407 797 bonos
1429 739 1666 811 efficere,
1688 740 1735 798 si
1758 741 1991 818 quidem

299 821 603 880 hominum
632 821 829 898 generi
857 819 1247 878 consulebant.
1318 825 1410 877 80.
1444 819 1547 878 Sin
1576 820 1640 878 id
1667 821 1873 892 111111118,
1894 821 1994 879 bo-

299 901 392 958 nis
413 900 648 978 quidem
669 907 822 958 certe
844 899 1137 960 consulere
1157 898 1459 958 debebant.
1539 899 1657 957 Cur
1676 901 1855 976 igitur
1874 901 1991 959 duo

301 980 620 1057 Scipione8‚
644 978 992 1037 fortissimos
1032 985 1092 1037 et
1126 978 1380 1056 optimos
1412 978 1581 1048 virm,
1612 981 1671 1036 in
1707 979 1993 1056 Hispania

300 1059 536 1117 Poenus
563 1059 884 1137 oppressit?
957 1058 1076 1116 Cur
1103 1057 1391 1118 Maximus
1418 1059 1623 1116 extulit
1650 1059 1833 1116 filium
1860 1079 1993 1118 con-

300 1138 584 1197 sularem?
656 1138 776 1196 Cur
801 1137 1133 1197 Marcellum
1158 1138 1453 1197 Hannibal
1475 1139 1800 1197 interemit?
1873 1139 1994 1198 Cur

299 1218 568 1276 Paullum
596 1218 829 1276 Cannae
859 1217 1245 1277 sustulerunt?
1304 1218 1423 1276 Cur
1443 1218 1771 1277 Poenorum
1796 1220 1993 1278 crude-

299 1297 449 1356 litati
477 1298 686 1375 Reguli
713 1317 923 1377 corpus
951 1305 1039 1356 081
1065 1297 1429 1376 praebitum?
1502 1298 1621 1356 Cur
1648 1299 1990 1357 Africanum

301 1378 603 1436 domestici
625 1378 870 1455 parietes
897 1397 1017 1435 non
1040 1379 1344 1436 texerunt?
1418 1377 1532 1436 Sed
1553 1378 1693 1436 hacc
1714 1386 1907 1436 vetera
1933 1387 1994 1437 et

303 1458 414 1514 alia
453 1458 769 1534 permulta:
813 1458 1088 1535 propiora
1124 1457 1437 1516 videamus.
1521 1457 1642 1515 Cur
1680 1458 1993 1516 avunculus

302 1555 480 1610 1110118,
491 1537 578 1595 vir
590 1537 1092 1596 innocentissimus
1108 1536 1379 1615 idemque
1398 1536 1779 1609 (10011881111118,
1796 1537 1862 1597 P.
1880 1538 1994 1596 Ru-

301 1616 476 1688 tilius,
497 1616 557 1674 in
585 1617 785 1675 exsilio
813 1619 939 1675 est?
980 1636 1081 1674 cur
1108 1616 1321 1674 sodalis
1348 1635 1512 1675 meus
1532 1617 1871 1675 interfectus
1893 1617 1993 1676 do-

301 1697 423 1754 mui
457 1716 606 1767 suae,
636 1697 902 1755 Drusus?
943 1716 1044 1754 cur
1084 1697 1501 1772 temperantiae
1541 1697 1995 1777 prudentiaeque

302 1778 591 1853 specimen
619 1785 752 1835 ante
781 1776 1147 1835 simulacrum
1170 1776 1386 1837 Vestae
1413 1777 1681 1855 pontifex
1707 1779 1993 1836 maximus

303 1863 395 1915 est·
411 1856 480 1925 Q„
501 1856 772 1915 Scaevola
791 1856 1148 1915 trucidatus?
1188 1876 1291 1915 cur
1316 1864 1451 1915 ante
1478 1857 1653 1915 etiam
1681 1864 1773 1915 tot
1800 1858 1995 1915 civita-

305 1936 382 1993 tis
414 1936 702 2012 principes
734 1955 769 1992 a
801 1935 990 2004 Cinna
1021 1936 1392 2012 interempti?
1433 1956 1534 1994 cur
1576 1938 1834 1995 omnium
1869 1956 1994 2015 per-

306 2014 707 2071 fidiosissimus
747 2014 812 2072 0.
845 2014 1061 2072 Marius
1102 2014 1170 2084 Q.
1195 2014 1461 2073 Catulum
1506 2017 1994 2093 praestantissima

306 2094 594 2171 dignitate
623 2094 807 2152 virum
843 2094 992 2152 mori
1019 2096 1213 2171 potuit
1240 2095 1470 2154 iubere?
1554 2102 1645 2154 81.
1682 2096 1824 2154 Dies
1856 2096 1993 2155 defi-

305 2175 437 2244 ciat,
463 2174 512 2230 si
545 2173 714 2231 velim
759 2193 1054 2233 numerare
1089 2174 1298 2253 quibus
1328 2176 1497 2234 bonis
1541 2175 1689 2234 male
1721 2177 1987 2250 evenerit,

305 2273 408 2311 nec
437 2250 646 2325 minua,
669 2254 715 2310 si
739 2266 1184 2313 commemorem
1214 2255 1423 2334 quibus
1442 2256 1723 2334 improbis
1752 2258 1986 2335 optime.

302 2333 423 2391 Cur
455 2333 610 2390 enim
644 2333 860 2391 Marius
891 2341 1012 2391 tam
1038 2334 1289 2392 feliciter
1320 2336 1630 2412 septimum
1665 2338 1863 2395 consul
1892 2337 1994 2395 do-

299 2413 423 2470 mui
458 2432 593 2470 suae
628 2432 798 2471 senex
831 2420 920 2471 est
950 2416 1251 2472 mortuus?
1294 2434 1395 2471 cur
1427 2416 1686 2472 omnium
1726 2417 1992 2475 crudelis-

302 2493 480 2549 simus
519 2500 641 2550 tam
683 2493 784 2551 diu
827 2493 1014 2551 Cinna
1052 2494 1353 2570 regnavit?
1434 2494 1519 2552 At
1558 2495 1721 2553 dedit
1756 2515 1988 2573 poenas,

301 2572 594 2630 XXXIII.
631 2572 934 2630 Prohiberi
975 2573 1183 2631 melius
1216 2573 1333 2631 fuit
1364 2574 1747 2652 impedirique
1787 2594 1859 2632 ne
1901 2582 1993 2633 tot

303 2670 560 2709 summos
580 2652 732 2709 viros
753 2652 1099 2712 interficeret
1122 2672 1293 2730 quam
1316 2654 1508 2729 ipsum
1530 2654 1837 2731 aliquando
1858 2674 1994 2731 poe-

302 2750 405 2788 nas
437 2732 590 2789 dare.
673 2731 914 2789 Summo
947 2733 1205 2791 cruciatu
1240 2732 1637 2810 supplicioque
1672 2733 1739 2801 Q.
1762 2734 1989 2805 Varius,

301 2811 480 2868 homo
501 2811 1046 2888 importunissimuS,
1067 2812 1268 2889 periit:
1304 2814 1369 2883 si,
1387 2814 1519 2890 quia
1540 2813 1795 2871 Drusum
1818 2813 1989 2882 ferro,

303 2890 598 2948 Metellum
643 2910 863 2949 veneno
905 2892 1225 2961 sustulerat,
1258 2892 1387 2948 illos
1428 2891 1747 2949 conservari
1788 2890 1993 2947 melius

301 2970 419 3027 fuit
449 2989 621 3047 quam
649 2990 865 3047 poenas
894 2971 1119 3028 sceleris
1138 2970 1384 3028 Varium
1411 2971 1675 3045 pendere.
1760 2967 1995 3023 Duode-

303 3049 684 3126 quadraginta
703 3068 887 3105 annos
906 3049 1227 3125 Dionysius
1247 3056 1527 3124 tyrannus
1547 3046 1663 3101 fuit
1683 3043 1995 3117 opulentis-

305 3128 482 3186 simae
503 3136 563 3187 et
580 3128 942 3186 beatissimae
962 3128 1228 3185 civitatis,
1301 3132 1393 3181 82.
1418 3125 1603 3190 Quam
1628 3121 1841 3176 multos
1864 3130 1995 3179 ante

304 3207 460 3267 hunc
486 3208 550 3266 in
569 3208 700 3286 ipso
729 3206 1000 3267 Graeciae
1019 3206 1163 3264 flore
1184 3202 1551 3263 Pisistratus!
1614 3199 1699 3255 At
1720 3197 1995 3270 PhalariS,
