2199 3546
733 368 1420 479 'FRAGMENTA

357 654 458 705 Ex
488 653 710 705 LIBRO
742 653 841 704 DE
874 654 1170 705 NATURA
1200 654 1511 707 DEORUM
1545 656 1828 709 TERTIO.

335 759 712 837 Intellegebat
739 759 942 818 Cicero
973 759 1007 787 “
1025 758 1172 817 falsa
1199 779 1319 818 esse
1349 780 1492 839 quae
1521 760 1784 820 homines
1810 763 1945 821 ado-

254 847 476 899 rarent:
513 860 648 897 113111
676 860 808 899 eum
836 840 1020 898 multa
1041 840 1295 912 dixisset,
1317 859 1461 917 quae
1488 841 1562 899 ad
1590 843 1940 901 eversionem

253 919 598 997 religionum
627 920 932 990 valerent‚”
962 921 1044 978 ait
1072 927 1268 978 tamen
1299 920 1333 949 “
1354 940 1473 978 non
1502 941 1623 980 esse
1651 921 1748 979 illa
1768 922 1941 1001 vulgo

254 1000 616 1078 disputanda,
640 1020 714 1058 ne
755 1007 1045 1077 susceptas
1078 1000 1306 1078 publice
1345 1000 1649 1077 religiones
1690 1002 1943 1081 disputa-

251 1080 338 1137 tio
378 1080 510 1138 talis
555 1079 938 1157 exstinguat.”
1046 1080 1380 1139 Lactantius
1420 1081 1558 1140 div.
1584 1083 1655 1140 in
1672 1089 1809 1155 stt„
1839 1082 1937 1142 lib.

253 1158 352 1230 IL,
378 1179 425 1218 e.
453 1167 506 1217 3.

333 1282 534 1342 Cicero
563 1283 636 1341 de
662 1290 868 1341 natura
893 1283 1131 1341 deorum
1167 1282 1469 1361 disputans
1497 1284 1578 1342 sie
1605 1285 1718 1343 ait:
1764 1285 1799 1314 ‘⁴
1818 1285 1942 1344 Pri-

253 1383 412 1421 mum
441 1364 620 1441 igitur
644 1382 764 1421 non
791 1370 879 1422 est
907 1362 1204 1440 probabile
1238 1382 1365 1421 eam
1397 1365 1694 1422 materiam
1730 1384 1937 1439 rerum,

251 1444 405 1503 unde
439 1451 566 1502 orta
598 1450 733 1502 sunt
767 1445 978 1514 omnia,
1002 1463 1125 1501 esse
1159 1443 1355 1501 divina
1380 1445 1744 1522 providentia
1776 1447 1942 1504 effee-

249 1532 388 1595 tam‚
414 1525 514 1582 sed
547 1524 755 1583 habere
797 1533 855 1583 et
888 1524 1155 1582 habuisse
1190 1524 1307 1580 vim
1351 1532 1410 1582 et
1451 1531 1712 1583 naturam
1757 1546 1935 1585 suam.

250 1604 339 1663 Ut
367 1605 544 1682 igitur
569 1604 747 1675 faber,
773 1624 905 1662 cum
940 1604 1081 1683 qnid
1110 1603 1509 1663 aedificaturus
1543 1612 1644 1676 est,
1670 1625 1786 1664 non
1816 1607 1938 1684 ipse

250 1685 392 1744 facit
425 1685 741 1757 materiam,
767 1686 867 1743 sed
901 1704 968 1743 ea
999 1684 1199 1756 utitur,
1226 1703 1371 1762 quae
1406 1685 1481 1744 sit
1513 1693 1727 1763 parata,
1752 1686 1939 1745 fictor-

251 1785 362 1844 que
390 1766 532 1824 item
561 1785 702 1837 cera,
727 1765 808 1823 sie
835 1766 931 1823 isti
960 1765 1356 1843 providentiae
1385 1765 1611 1825 divinae
1640 1767 1936 1826 materiam

249 1852 477 1923 praesto
527 1865 646 1904 esse
695 1847 970 1924 oportuit,
1006 1865 1123 1903 non
1175 1865 1348 1923 quam
1398 1847 1521 1924 ipse
1571 1847 1801 1919 faceret,
1837 1847 1937 1906 sed

251 1945 420 2004 quam
452 1925 688 1985 haberet
713 1933 986 2004 paratam.
1073 1925 1245 1994 Quod
1274 1927 1322 1983 si
1349 1945 1468 1984 non
1504 1933 1591 1985 est
1617 1946 1652 1984 a
1678 1927 1789 1985 deo
1822 1947 1938 1985 ma-

249 2007 394 2065 teria
419 2007 590 2077 facta,
613 2025 686 2064 ne
713 2014 864 2064 terra
891 2005 1124 2084 quidem
1161 2012 1219 2063 et
1246 2025 1396 2084 aqua
1427 2013 1486 2064 et
1513 2013 1614 2064 aer
1640 2014 1698 2065 et
1724 2007 1877 2084 ignis
1902 2026 1938 2065 a

249 2086 360 2145 deo
387 2087 576 2145 factus
604 2084 746 2144 est-.”
831 2085 993 2143 Idem
1023 2085 1163 2144 ibid.
1189 2084 1285 2158 IL,
1311 2106 1357 2145 c.
1386 2092 1437 2144 8.

323 2213 558 2270 Adduci
575 2257 588 2270 .
610 2257 623 2271 .
645 2257 658 2270 .
672 2213 936 2286 primum
954 2213 1055 2270 hoc
1076 2221 1145 2270 ut
1166 2214 1462 2272 credamus
1480 2233 1597 2272 non
1606 2233 1933 2288 possumus,

249 2293 629 2350 immortalem
656 2293 825 2350 illam
844 2293 1518 2369 praestantissimamque
1549 2304 1823 2352 naturam
1851 2296 1936 2352 di-

249 2374 430 2431 visam
459 2391 568 2430 esse
585 2391 694 2446 per
719 2391 883 2430 sexus
909 2380 962 2430 et
989 2392 1098 2432 esse
1114 2382 1345 2448 partem
1372 2393 1554 2432 unam
1580 2394 1780 2446 mares,
1792 2391 1937 2450 par-

251 2462 356 2511 tem
379 2472 489 2510 esse
515 2453 756 2510 alteram
763 2453 1037 2527 feminas.
1114 2454 1295 2526 Quem
1317 2455 1548 2530 quidem
1571 2455 1757 2512 locum
1768 2455 1936 2530 ‘plene

248 2535 366 2590 iam
400 2533 626 2590 dudum
660 2533 914 2590 homines
939 2535 1188 2608 pectoris
1221 2536 1339 2592 vivi
1375 2543 1495 2593 tam
1527 2535 1812 2592 Romanis
1844 2535 1937 2591 lit·

251 2614 382 2671 teris
402 2614 741 2688 explicavere
762 2633 939 2688 quam
969 2615 1217 2687 Graecis,
1233 2623 1285 2673 et
1305 2624 1437 2674 ante
1458 2634 1647 2674 omnes
1675 2615 1930 2687 Tullius,

248 2693 501 2751 Romani
533 2694 945 2752 disertissimus
973 2695 1209 2769 =‹jc-neris,
1230 2697 1463 2754 nullam
1496 2696 1711 2754 veritus
1743 2695 1937 2770 impie-

250 2774 386 2831 tatis
406 2774 705 2846 invidiam,
727 2775 981 2849 inqenue,
1005 2783 1321 2833 constanter
1341 2784 1395 2834 et
1415 2777 1583 2836 libere
1603 2776 1749 2852 quid
1767 2794 1935 2850 super

249 2855 357 2912 tali
384 2855 646 2929 opinione
672 2857 902 2914 sentiret
919 2857 1136 2930 pietate
1168 2874 1297 2911 cum
1331 2858 1543 2914 maiore
1576 2856 1929 2914 monstravit.

247 2935 305 2992 A
341 2954 454 3010 quo
486 2937 537 2993 si
565 2955 653 2994 res
685 2955 902 2994 sumere
934 2936 1141 2993 iudicii
1174 2935 1405 2993 veritate
1436 2938 1798 3011 conscriptas,
1822 2955 1934 2992 non

248 3017 542 3074 verborum
572 3017 916 3074 luculentias
927 3016 1251 3090 parceretis,
1266 3023 1538 3089 perorata
1565 3025 1701 3074 esset
1728 3024 1781 3074 et
1802 3016 1933 3072 haec

246 3116 419 3154 causa
463 3117 558 3154 nec
598 3097 888 3168 secundas,
911 3103 980 3152 ut
1012 3096 1245 3166 dicitur,
1270 3096 1514 3153 actiones
1554 3097 1714 3154 nobis
1744 3096 1816 3152 ab
1850 3095 1933 3152 in-

255 3177 522 3250 fantibus
554 3177 890 3250 postularet.
995 3174 1116 3234 Sed
1155 3175 1300 3250 quid
1338 3175 1591 3251 aucupia
1638 3176 1931 3234 verborum
