2199 3546
241 150 336 196 196
766 146 866 195 DE
900 146 1403 197 DIVINATIONE.

241 260 451 308 rumque
490 244 802 293 oraculorum
845 253 1002 292 sortes
1043 253 1095 291 et
1133 244 1372 294 vaticinia
1411 244 1575 304 refert,
1604 258 1712 305 cap.
1742 244 1923 303 49-57‚

241 309 270 369 ξ
299 312 540 369 101-118,
560 309 866 357 somniorum
893 310 1101 357 alterum
1130 324 1237 373 cap.
1260 311 1440 370 58-71,
1464 308 1493 368 ἐ
1523 310 1751 358 119-142
1779 309 1928 357 attin-

241 375 330 436 git.
405 374 461 423 In
499 375 844 437 disputationis
881 374 1198 423 conclusione
1230 374 1518 434 religionem
1554 374 1811 435 tuendam,
1838 374 1927 423 sed

241 440 597 565 ξὊΓξιέῐ-αιῃὸεὲειω
632 439 1027 503 superstitionem
1062 454 1170 488 esse
1196 440 1409 500 graviter
1441 439 1693 501 admonet,
1718 454 1825 502 cap.
1842 442 1923 499 72,

321 642 368 701 Ι.
416 649 479 701 1.·
513 641 822 711 Quaerenti
855 640 1000 698 mihi
1035 641 1399 718 multumque
1432 647 1491 699 et
1518 640 1620 699 diu
1648 641 1928 717 cogitanti

243 741 491 800 quanam
554 741 615 779 re
669 740 899 798 possem
955 720 1227 798 prodesse
1286 740 1461 797 quam
1517 719 1797 797 plurimis
1855 740 1929 779 ne

179 844 185 853 ,
243 802 474 879 quando
515 802 953 859 intermitterem
997 800 1293 858 consulere
1332 801 1417 858 rei
1456 800 1736 878 publicae,
1772 799 1929 858 nulla

243 882 426 939 maior
473 881 805 939 occurrebat
852 899 1025 958 quam
1074 880 1124 937 si
1166 880 1517 958 optimarum
1558 880 1767 937 artium
1809 880 1930 937 vias

243 962 523 1019 traderem
553 960 698 1017 meis
725 959 976 1018 civibus:
1021 960 1180 1038 quod
1207 959 1599 1037 compluribus
1625 960 1741 1017 iam
1769 958 1929 1017 libris

244 1061 336 1098 me
370 1040 614 1098 arbitror
645 1046 1032 1098 consecutum.
1117 1039 1271 1097 Nam
1313 1047 1372 1097 et
1404 1039 1692 1097 cohortati
1732 1058 1928 1097 sumus

244 1128 309 1178 ut
357 1120 620 1179 maxime
647 1121 944 1197 potuimus
993 1118 1068 1177 ad
1112 1119 1512 1197 philosophiae
1557 1118 1814 1177 studium
1858 1138 1927 1177 eo

243 1200 407 1272 libre,
433 1200 534 1278 qui
560 1207 649 1257 est
674 1200 982 1277 inscriptus
1012 1200 1046 1227 ‘⁴
1065 1198 1467 1271 HortensiuS‚”
1492 1205 1551 1257 et
1572 1198 1728 1277 quod
1747 1218 1929 1276 genus

243 1279 692 1357 philosophandi
723 1280 963 1345 minime
995 1279 1281 1357 adrogans
1312 1279 1675 1357 maximeque
1710 1286 1770 1336 et
1798 1298 1930 1336 con-

157 1394 160 1397 ·
243 1367 400 1417 stans
427 1367 488 1417 et
507 1358 736 1436 elegans
762 1359 1163 1418 arbitraremur
1186 1367 1457 1438 quattuor
1480 1358 1926 1417 “Academicis’'

243 1439 404 1497 libris
438 1440 810 1497 ostendimus,
896 1446 949 1497 2.
996 1439 1261 1517 Cumque
1293 1438 1738 1497 fundamentum
1781 1445 1929 1497 esset

243 1519 643 1597 philosophiae
675 1519 931 1597 positum
973 1520 1034 1577 in
1075 1518 1287 1578 finibus
1331 1518 1614 1577 bonorum
1655 1525 1716 1576 et
1756 1519 1931 1577 malo-

244 1620 388 1672 rum,
414 1606 794 1677 perpurgatus
826 1606 913 1657 est
940 1600 990 1657 is
1017 1599 1179 1657 locus
1210 1620 1245 1657 a
1272 1599 1441 1657 nobis
1470 1600 1723 1677 quinque
1750 1598 1925 1670 libris,

244 1687 310 1737 ut
343 1679 484 1757 quid
517 1698 552 1736 a
593 1698 821 1757 quoque
862 1686 922 1737 et
955 1679 1096 1757 quid
1128 1687 1329 1737 contra
1362 1698 1647 1756 quemque
1679 1678 1933 1756 philoso-

244 1760 426 1838 phum
455 1759 738 1818 diceretur
764 1758 1019 1838 intellegi
1046 1766 1257 1837 posset.
1342 1757 1613 1818 Totidem
1642 1758 1930 1817 subsecuti

244 1840 376 1898 libri
419 1839 920 1898 “Tusculanarum
963 1840 1424 1917 disputationum
1442 1840 1475 1867 '’
1518 1859 1609 1897 res
1648 1839 1723 1897 ad
1762 1839 1931 1897 beate

244 1920 553 1978 vivendum
594 1920 843 1978 maxime
877 1920 1217 1978 necessarias
1258 1925 1615 1997 aperuerunt,
1699 1918 1932 1976 Primus

245 2001 400 2058 enim
443 2008 532 2059 est
563 2000 635 2058 de
677 1999 1099 2058 contemnenda
1131 2007 1333 2070 morte,
1364 1999 1647 2058 secundus
1688 1999 1759 2056 de
1792 1998 1933 2056 tole·

245 2081 424 2138 raudo
447 2079 661 2151 dolore,
683 2081 758 2138 de
786 2079 1145 2157 aegritudine
1167 2079 1431 2137 lenienda
1451 2079 1670 2151 tertiuS‚
1696 2084 1933 2157 quartus

245 2160 317 2218 de
350 2159 582 2237 reliquis
623 2159 802 2216 animi
835 2158 1378 2237 perturbationibus»,
1409 2159 1645 2236 quintus
1686 2177 1815 2217 eum
1851 2157 1934 2214 lo-

245 2259 376 2297 cum
405 2239 738 2316 complexus
765 2248 868 2308 est,
895 2240 992 2317 qui
1013 2246 1200 2298 totam
1227 2238 1655 2317 philosophiam
1682 2238 1933 2297 maxime

246 2319 524 2377 illustrat:
559 2318 730 2377 docet
757 2319 911 2376 enim
939 2319 1014 2376 ad
1041 2318 1206 2376 beate
1235 2319 1543 2376 vivendum
1573 2319 1843 2376 virtutem
1870 2337 1934 2375 se

246 2399 372 2476 ipsa
419 2417 540 2456 esse
587 2405 934 2456 contentam.
1021 2404 1072 2456 3.
1119 2397 1342 2468 Quibus
1390 2397 1558 2456 rebus
1602 2399 1773 2457 editis
1815 2405 1935 2455 tres

247 2479 376 2537 libri
421 2479 663 2556 perfecti
707 2486 842 2536 sunt
884 2478 918 2506 ‘⁴
938 2478 1010 2537 de
1051 2486 1257 2536 natura
1295 2478 1589 2549 deorum‚’'
1619 2476 1935 2555 inquibus

248 2559 437 2616 omnis
464 2559 586 2616 eius
613 2558 725 2616 loci
759 2559 1018 2636 quaestio
1048 2559 1393 2616 continetur.
1478 2556 1637 2627 Quae
1672 2563 1737 2614 ut
1763 2556 1935 2634 plene

247 2647 396 2697 esset
451 2640 848 2716 cumulateque
898 2639 1170 2715 perfecta,
1217 2638 1251 2665 ‘⁴
1270 2639 1343 2696 de
1390 2637 1746 2696 divinatione
1764 2636 1797 2664 ’'
1848 2636 1939 2694 in-

247 2718 427 2796 gressi
459 2738 655 2776 sumus
693 2719 784 2776 his
824 2717 983 2776 libris
1025 2717 1282 2776 scribere.
1368 2716 1607 2787 Quibus,
1642 2725 1710 2776 ut
1750 2723 1837 2774 est
1870 2716 1937 2772 in

248 2799 460 2869 anime,
487 2799 614 2856 “de
641 2799 766 2856 fato
785 2797 819 2824 ''
849 2798 897 2856 si
926 2797 1369 2868 adiunxerimm,
1394 2797 1503 2855 erit
1530 2797 1757 2854 abunde
1790 2795 1938 2853 satis

247 2879 468 2937 factum
497 2879 607 2936 toti
637 2878 770 2935 huic
800 2877 1137 2955 quaestioni.
1223 2875 1418 2954 Atque
1445 2875 1537 2934 his
1563 2875 1723 2934 libris
1756 2875 1941 2933 adnu-

248 2958 508 3016 merandi
537 2965 672 3016 sunt
699 2977 796 3015 sex
821 2959 854 2984 ‘⁴
875 2958 946 3015 de
974 2977 1044 3014 re·
1063 2955 1348 3034 publica,’'
1372 2976 1517 3035 quos
1544 2963 1682 3014 tunc
1711 2953 1940 3031 scripsi-

249 3055 395 3108 mus,
419 3057 550 3094 cum
571 3037 954 3114 gubernacula
973 3037 1055 3094 rei
1076 3035 1339 3114 publicae
1365 3036 1717 3094 tenebamus.
1775 3034 1941 3112 Mag-

249 3135 358 3172 nus
391 3116 549 3174 locus
582 3116 1090 3194 philosophiaeque
1125 3115 1393 3193 proprius
1424 3135 1459 3173 a
1490 3115 1753 3182 Platone,
1776 3113 1943 3171 Aris-

251 3195 443 3266 totele3
466 3196 864 3272 Theophrasto
898 3203 1135 3270 totaque
1164 3195 1677 3270 Peripateticorum
1711 3192 1941 3253 familia
