2199 3546
522 136 662 186 LIB.
691 137 759 199 1.‚
781 135 939 187 CAP.
971 135 1498 198 XXV1.-XXVI11.,
1526 135 1555 197 ἓ
1582 139 1757 188 73-79.
1923 141 1989 188 29

297 242 492 295 essent
518 237 834 310 simulacra,
858 257 1006 316 quae
1027 244 1363 297 venerant-es
1390 237 1529 297 deos
1555 238 1713 315 ipsos
1742 259 1803 297 se
1830 241 1989 298 adire

297 317 631 376 crederent?
724 318 1032 381 Auxerunt
1079 326 1271 376 autem
1321 317 1461 376 haec
1510 319 1708 376 eadem
1759 327 1987 397 poetae,

297 397 566 474 pictoreS,
597 397 847 476 opifices·
933 398 1072 456 Erat
1102 399 1256 474 enim
1286 418 1403 456 non
1432 399 1600 456 facile
1629 408 1864 476 agentes
1892 401 1991 458 ali-

300 477 443 554 quid
471 484 531 535 ct
560 477 866 537 molientes
900 478 1045 536 deos
1072 479 1134 535 in
1170 479 1407 535 aliarum
1441 479 1757 536 formarum
1803 480 1989 538 imita-

298 557 462 615 tione
501 577 738 616 servare.
823 557 1086 615 Accessit
1128 558 1305 615 etiam
1339 559 1451 616 ista
1492 559 1691 635 opinio
1725 560 1987 630 fortasse,

299 637 458 714 quod
485 637 712 695 homini
738 637 976 695 homine
1008 637 1310 715 pulchrius
1339 637 1484 696 nihil
1516 638 1788 696 videatur.
1872 639 1989 698 Sed

296 724 364 773 tu
393 716 522 788 hoc,
546 717 801 794 physice,
832 737 951 774 non
979 717 1143 775 vides
1176 736 1349 795 quam
1381 717 1593 776 blanda
1633 719 1988 778 conciliatrix

297 803 358 854 et
401 815 572 874 quam
607 798 699 854 sui
731 797 806 855 sit
837 797 968 855 lena
997 799 1236 856 natura?
1316 797 1414 855 An
1448 804 1618 875 putas
1650 799 1826 856 ullam
1868 819 1989 858 esse

295 879 451 934 terra
487 877 749 954 marique
789 877 1016 935 beluam
1065 897 1211 955 quae
1258 897 1379 934 non
1421 879 1511 936 sui
1552 879 1779 955 generis
1819 879 1989 937 belua

295 957 550 1014 maxime
575 957 927 1016 delectetur?
993 956 1166 1026 Quod
1184 959 1248 1014 ni
1265 958 1353 1020 ,ita
1372 964 1535 1029 esset,
1559 976 1661 1015 cur
1680 977 1797 1016 non
1818 960 1989 1036 gesti-

295 1043 386 1094 ret
411 1043 612 1094 taurus
645 1056 824 1115 equae
857 1039 1326 1108 contrectatione,
1358 1057 1541 1116 equus
1572 1057 1773 1096 vaccae
1790 1040 1815 1097 2*
1890 1039 1989 1096 An

296 1123 362 1173 tu
405 1117 654 1194 aquilam
698 1124 800 1175 aut
832 1116 1058 1175 leonem
1101 1125 1201 1175 aut
1242 1117 1581 1195 delphinum
1624 1117 1799 1176 ullam
1835 1127 1990 1177 ante-

294 1196 447 1254 ferre
475 1216 669 1254 censes
695 1196 939 1274 figuram
969 1199 1141 1256 suae‘ll
1175 1197 1317 1275 quid
1343 1198 1522 1275 igitur
1546 1197 1776 1268 mirum,
1802 1199 1851 1256 si
1877 1199 1989 1257 hoc

296 1276 502 1334 eodem
529 1277 706 1334 modo
729 1276 954 1334 homini
974 1284 1181 1335 natura
1200 1278 1581 1356 praescripsit,
1608 1285 1672 1335 ut
1698 1278 1843 1335 nihil
1868 1279 1991 1356 pul-

296 1356 488 1414 chrius
518 1375 690 1434 quam
720 1357 1018 1416 hominem
1045 1365 1292 1436 putaret,
1318 1377 1446 1415 eam
1480 1377 1601 1416 esse
1630 1377 1859 1423 causam
1888 1377 1991 1417 cur

295 1435 438 1494 deos
463 1437 766 1494 hominum
795 1438 1012 1496 similes
1037 1439 1408 1515 putaremus‘.³

377 1515 669 1575 XXVIII.
758 1517 850 1575 78.
896 1517 1052 1587 Quid
1093 1536 1307 1589 censeS‚
1340 1518 1388 1574 si
1428 1517 1576 1575 ratio
1619 1525 1767 1576 esset
1800 1519 1861 1576 in
1894 1517 1990 1576 be-

294 1596 445 1654 luis?
486 1616 603 1655 non
647 1617 752 1654 suo
795 1616 1049 1676 quasque
1090 1599 1289 1675 generi
1326 1597 1639 1674 plurimum
1675 1599 1988 1658 tributuras

294 1677 512 1735 fuisse?
573 1677 658 1735 At
681 1677 1007 1736 mehercule
1035 1678 1417 1755 ego—-dicam
1440 1679 1595 1735 enim
1628 1686 1691 1736 ut
1720 1679 1988 1737 sentio—

297 1757 560 1835 quamvis
607 1777 792 1815 amem
844 1757 970 1835 ipse
1019 1768 1128 1829 me,
1159 1764 1355 1816 tamen
1403 1778 1521 1816 non
1564 1759 1750 1817 audeo
1799 1759 1987 1817 dicere

295 1837 683 1914 pulchriorem
703 1842 824 1895 esse
842 1858 952 1907 me,
973 1858 1146 1916 quam
1168 1838 1263 1896 ille
1280 1839 1463 1896 fuerit
1483 1846 1697 1909 taurim,
1716 1840 1813 1917 qui
1830 1841 1987 1898 vexit

296 1917 610 1995 Europam.
696 1918 830 1975 Non
871 1919 1026 1975 enim
1061 1919 1173 1976 hoc
1214 1918 1350 1977 1000.
1378 1918 1453 1976 dc
1483 1920 1733 1996 ingeniis
1772 1927 1873 1977 aut
1914 1921 1986 1977 de'

297 1997 660 2055 orationibus
699 1998 926 2070 nostris,
955 1999 1055 2057 sed
1097 1999 1173 2056 de
1212 1998 1400 2076 specie
1442 1998 1737 2076 figuraque
1772 2001 1987 2077 quaeri-

297 2083 410 2134 tur.
499 2076 670 2145 Quod
712 2078 761 2133 si
793 2076 1008 2155 fingere
1047 2078 1217 2136 nobis
1246 2085 1305 2136 et
1332 2079 1570 2156 iungere
1603 2080 1821 2136 formas
1854 2080 1988 2137 veli-

295 2176 445 2228 muS,
467 2156 650 2234 qualis
670 2156 766 2215 ille
787 2158 1109 2216 maritimus
1130 2158 1335 2217 Triton
1364 2159 1627 2235 pingitur
1653 2160 1986 2217 natantibus

295 2236 576 2295 invehens
596 2236 778 2295 beluis
805 2237 1091 2297 adiunctis
1112 2238 1367 2295 humano
1396 2240 1640 2317 corpori,
1666 2240 1813 2297 nolis
1840 2245 1977 2299 esse.

295 2315 537 2374 Difficili
564 2318 625 2374 in
654 2317 782 2375 loco
810 2336 1017 2376 versor.
1103 2318 1210 2376 Est
1238 2319 1393 2376 enim
1424 2320 1509 2375 vis
1537 2326 1700 2377 tanta
1724 2328 1979 2392 naturae,

297 2404 363 2453 ut
389 2396 568 2456 homo
609 2416 784 2455 nemo
809 2398 947 2457 velit
979 2398 1092 2456 nisi
1126 2398 1381 2456 hominis
1421 2400 1623 2457 similis
1664 2419 1801 2457 esse.
1889 2400 1920 2456 '7
1928 2406 1980 2457 9.

296 2475 376 2533 Et
404 2477 638 2553 quidem
667 2477 912 2535 formica
938 2478 1231 2536 formicae.
1316 2478 1428 2537 Sed
1465 2487 1659 2539 tamen
1694 2480 1857 2538 'cuius
1885 2480 1985 2536 ho-

296 2555 507 2613 minis?
589 2556 814 2625 Quotus
842 2558 997 2615 enim
1027 2559 1267 2635 quisque
1294 2558 1585 2616 formosus
1614 2561 1737 2617 est?
1804 2559 1985 2617 Athe-

297 2636 388 2692 nis
431 2656 566 2693 cum
613 2656 812 2708 essem,
844 2656 875 2694 6
915 2638 1189 2715 gregibus
1234 2638 1585 2715 epheborum
1632 2640 1727 2697 vix
1772 2640 1983 2715 singuli

297 2716 740 2792 reperiebantur.
826 2716 1018 2775 Video
1055 2718 1197 2795 quid
1229 2718 1509 2787 adriseris,
1536 2719 1637 2775 sed
1670 2720 1753 2775 ita
1785 2724 1981 2776 tamen

299 2812 360 2852 se
385 2814 477 2852 res
503 2796 691 2854 habet.
775 2796 1004 2855 Deinde
1039 2798 1224 2872 nobis,
1250 2798 1349 2875 qui
1384 2798 1830 2856 concedentibus
1858 2797 1986 2874 phi-

299 2873 557 2952 losophis
584 2876 836 2954 antiquis
857 2877 1297 2935 adulescentulis
1319 2877 1684 2947 delectamur,
1710 2878 1883 2934 etiarn
1906 2877 1985 2931 vi-

297 2954 382 3012 tia
422 2974 589 3033 saepe
629 2956 880 3013 iucunda
920 2964 1070 3015 sunt.
1125 2956 1399 3015 *Naevus
1437 2958 1499 3012 in
1540 2956 1781 3011 articulo
1822 2954 1985 3028 pueri

299 3033 546 3093 delectat
573 3035 870 3093 Alcaeum.
954 3036 1040 3093 At
1081 3042 1170 3093 est
1210 3035 1466 3110 corporis
1498 3032 1723 3088 macula
1754 3049 1981 3085 naevus·

300 3112 394 3171 Illi
432 3121 629 3173 tamen
658 3115 770 3173 hoc
804 3115 998 3172 lumen
1034 3114 1349 3171 videbatur.
1436 3110 1503 3176 Q„
1536 3109 1791 3174 Catulus,
1816 3106 1988 3160 huius

301 3194 552 3272 collegae
579 3202 640 3253 et
665 3194 966 3252 familiaris
993 3192 1177 3249 nostri
1206 3197 1384 3265 pater,
1409 3187 1611 3243 dilexit
1636 3182 1989 3254 municipem

301 3281 468 3333 tuum
499 3275 794 3345 Roscium,
818 3274 878 3329 in
910 3287 1080 3345 quem
1112 3269 1283 3325 etiam
1317 3266 1456 3320 illud
1486 3269 1573 3319 cst
1601 3262 1755 3317 eius:

1898 3400 2185 3471 A
