2199 3546
16 1088 30 1191 -Ἲ
16 1042 23 1081 r·

215 145 308 191 190
731 140 832 192 DE
865 125 1371 194 DIVINATIONE.

211 243 370 302 libris
397 242 816 302 Socraticorum
845 262 1014 322 saepe
1041 244 1271 315 dicitur,
1295 264 1416 303 esse
1444 242 1709 303 divinum·
1734 245 1900 323 quid·

210 324 359 395 dam,
381 324 540 401 quod
571 322 858 400 δαιμόνιον
885 324 1151 401 appellat,
1176 326 1267 383 cui
1298 344 1523 402 semper
1548 326 1673 402 ipse
1699 344 1899 402 parue-

209 405 300 474 rit,
325 422 639 481 numquam
667 403 1002 482 impellenti,
1027 424 1197 481 saepe
1225 405 1531 462 revocanti.
1596 405 1675 462 Et
1700 405 1899 463 Socra-

209 490 295 540 tes
337 484 768 561 quidem——quo
812 504 981 561 quem
1017 494 1309 542 auctorem
1342 484 1639 542 meliorem
1678 486 1897 562 quaeri-

208 582 337 620 mus
349 563 832 641 Z—Xenophonti
865 564 1187 621 consulenti
1221 571 1624 641 sequereturne
1656 564 1893 641 Cyrum,

208 650 410 720 postea
437 662 610 721 quam
637 644 906 720 exposuit
927 664 1072 721 quae
1093 645 1207 721 ipsi
1228 644 1599 702 videbantur:
1644 644 1777 702 “Et
1793 664 1897 702 no-

207 730 389 781 strum
419 724 652 801 quidem
671 724 704 753 '’
728 724 919 801 inquit
940 724 978 751 ‘⁴
997 724 1315 781 humanum
1343 731 1432 781 est
1454 724 1772 797 consilium,
1792 724 1896 783 sed

208 802 280 860 de
307 802 476 861 rebus
506 810 566 861 et
593 803 850 862 obscuris
876 810 936 861 et
962 804 1197 862 incertis
1225 803 1299 862 ad
1326 803 1659 881 Apollinem
1690 822 1895 862 censeo

207 883 626 955 referendum,”
647 883 722 942 ad
750 903 921 962 quem
949 884 1125 943 ctiam
1152 884 1539 942 Athenienses
1565 884 1793 963 publice
1820 882 1896 942 de
2005 946 2013 953 ,

205 963 523 1021 maioribus
546 963 716 1021 rebus
744 983 970 1041 semper
996 963 1355 1023 rettulerunt.
1432 970 1563 1023 123.
1600 964 1895 1041 Scriptum

148 1049 150 1051 ’
208 1050 295 1100 est
328 1044 484 1114 item,
509 1062 640 1101 cum
675 1043 931 1101 Critonis
965 1044 1052 1102 sui
1085 1044 1385 1102 familiaris
1419 1044 1647 1102 oculum
1682 1044 1897 1121 adliga-

207 1130 333 1179 tum
364 1124 614 1194 vidisset,
634 1124 976 1201 quaesivisse
1011 1124 1153 1202 quid
1186 1131 1367 1183 esset:
1410 1143 1543 1183 cum
1577 1132 1771 1181 autem
1798 1123 1895 1181 ille

207 1201 595 1279 respondisset
621 1205 680 1261 in
715 1223 852 1285 agro
887 1203 1207 1262 ambulanti
1240 1204 1525 1262 ramulum
1558 1204 1891 1275 adductum,

208 1289 274 1339 ut
301 1283 568 1339 remissus
596 1290 761 1355 esset,
785 1284 844 1340 in
875 1283 1106 1341 oculum
1135 1303 1302 1341 suum
1330 1284 1614 1356 recidisse,
1638 1291 1765 1342 tum
1792 1283 1895 1346 Sor

207 1368 390 1419 crates
411 1380 432 1419 z·
489 1363 522 1391 “
542 1362 599 1419 N
602 1382 678 1420 on
728 1364 882 1422 enim
931 1364 1175 1441 paruisti
1222 1363 1370 1421 mihi
1416 1364 1723 1435 revocanti,
1760 1382 1895 1421 cum

209 1450 397 1499 uterer
424 1461 538 1520 qua
563 1443 719 1501 soleo
747 1444 1169 1522 praesagitione
1198 1443 1447 1502 divina.”
1525 1444 1689 1506 Idem
1718 1444 1896 1501 etiam

207 1522 486 1596 Socrates,
523 1542 654 1582 cum
702 1522 860 1601 apud
899 1523 1137 1582 Delium
1184 1524 1332 1582 male
1373 1530 1695 1601 pugnatum
1745 1531 1895 1581 esset

207 1601 454 1660 Lachete
495 1610 756 1680 praetore
796 1604 1139 1681 fugeretque
1188 1623 1319 1661 cum
1362 1605 1490 1680 ipso
1532 1603 1796 1675 Lachete,
1828 1611 1895 1661 ut

207 1690 442 1739 ventum
485 1689 573 1740 est
606 1682 668 1739 in
699 1682 952 1754 trivium,
977 1684 1177 1741 eadem
1210 1703 1323 1761 qua
1355 1684 1528 1742 ceteri
1560 1685 1761 1761 fugere
1794 1703 1896 1742 no-

207 1761 330 1820 luit.
403 1762 626 1832 Quibus
655 1762 1057 1842 quaerentibus
1085 1784 1186 1823 cur
1213 1783 1331 1822 non
1360 1765 1559 1823 eadem
1580 1766 1675 1822 via
1700 1783 1896 1842 perge·

207 1850 309 1913 ret,
341 1843 611 1902 deterreri
653 1863 713 1901 se
753 1863 788 1901 a
829 1844 938 1902 deo
980 1844 1146 1902 dixit.
1230 1845 1380 1902 Tum
1425 1845 1661 1923 quidem
1703 1845 1761 1916 ii,
1794 1845 1895 1922 qui

207 1923 319 1980 alia
352 1924 443 1982 via
482 1924 768 2002 fugerant,
793 1925 852 1982 in
896 1924 1153 1982 hostium
1196 1925 1515 2002 equitatum
1550 1925 1890 1982 inciderunt.

207 2002 504 2062 Permulta
535 2005 772 2063 collecta
809 2009 944 2062 sunt
975 2003 1050 2061 ab
1082 2003 1414 2081 Antipatr0‚
1440 2023 1583 2082 quae
1624 1999 1895 2062 mirabili-

207 2090 295 2140 ter
335 2103 391 2140 a2
401 2083 635 2142 Socrate
676 2084 932 2142 divinata
973 2091 1124 2143 sunt.
1210 2083 1369 2153 Quae
1402 2085 1890 2162 praetermittam:

207 2161 317 2220 tibi
350 2163 505 2221 enim
539 2172 677 2221 nota
710 2171 860 2234 sunt,
885 2164 1030 2221 mihi
1063 2164 1139 2222 ad
1172 2165 1740 2222 commemorandum
1774 2183 1894 2222 non

207 2244 534 2301 necessaria.
623 2249 753 2301 124.
799 2244 950 2301 Illud
983 2251 1179 2301 tamen
1214 2245 1337 2302 eius
1369 2243 1704 2321 philosophi
1736 2263 1895 2322 mag·

207 2322 442 2380 nificum
470 2342 536 2380 ac
566 2341 742 2399 paene
776 2324 1054 2395 divinum,
1081 2323 1254 2400 quod,
1279 2343 1411 2381 cum
1444 2324 1640 2402 impiis
1673 2331 1895 2382 senten-

207 2402 305 2459 tiis
333 2402 636 2461 damnatus
664 2409 826 2476 esset,
847 2403 1193 2480 aequissimo
1222 2405 1415 2461 animo
1445 2423 1505 2462 se
1533 2404 1682 2462 dixit
1707 2403 1891 2462 mori:

207 2501 393 2560 neque
422 2484 574 2541 enim
604 2483 780 2542 domo
809 2483 1126 2561 egredienti
1154 2503 1340 2560 neque
1368 2483 1511 2542 illud
1538 2490 1891 2561 suggestum,

208 2561 267 2618 in
299 2581 412 2639 quo
441 2583 667 2622 causam
701 2564 938 2636 dixerat,
957 2563 1285 2622 ascendenti
1316 2564 1544 2641 signum
1574 2564 1684 2621 sibi
1712 2563 1893 2625 ullum

209 2642 366 2719 quod
394 2651 719 2702 consuesset
747 2664 782 2702 a
807 2644 916 2701 deo
947 2645 1108 2721 quasi
1137 2644 1272 2701 mali
1295 2644 1533 2702 alicuius
1562 2644 1894 2721 impenden-

206 2722 282 2779 tis
311 2722 528 2781 datum.

289 2801 409 2860 LV.
447 2802 732 2880 Equidem
775 2803 856 2861 sic
897 2802 1158 2875 arbitror,
1182 2803 1355 2861 etiam
1392 2803 1439 2860 si
1474 2802 1657 2860 multa
1688 2801 1893 2860 fallant

209 2900 322 2952 eos,
349 2883 449 2960 qui
481 2891 583 2940 aut
621 2893 740 2940 arte
782 2891 882 2940 aut
915 2883 1243 2941 coniectura
1282 2883 1539 2941 divinare
1570 2883 1889 2953 videantur,

209 2981 328 3019 esse
349 2971 542 3020 tamen
572 2963 1018 3020 divinationem:
1056 2963 1320 3020 homines
1348 2971 1540 3020 autem
1570 2963 1717 3020 utin
1746 2969 1891 3020 cete-

209 3043 285 3098 ris
313 3043 546 3114 artibus,
573 3042 652 3100 sic
681 3044 738 3100 in
769 3043 876 3100 hac
904 3061 1072 3120 posse
1099 3043 1239 3100 falli.
1311 3042 1516 3100 Potest
1544 3042 1797 3100 accidere
1826 3048 1890 3099 ut

207 3121 440 3198 aliquod
471 3125 696 3198 signum
728 3123 902 3179 dubie
931 3123 1130 3180 datum
1154 3143 1260 3200 pro
1288 3130 1445 3180 certo
1474 3122 1550 3180 sit
1572 3129 1888 3199 acceptum,

207 3207 402 3276 potest
429 3201 663 3277 aliquod
690 3201 920 3259 latuisse
951 3209 1053 3259 aut
1079 3203 1269 3279 ipsum
1304 3208 1407 3260 aut
1445 3201 1604 3279 quod
1632 3209 1781 3261 esset
1806 3201 1889 3261 illi
