<?xml version="1.0" encoding="UTF-8"?>
<!DOCTYPE html PUBLIC "-//W3C//DTD XHTML 1.0 Transitional//EN"
    "http://www.w3.org/TR/xhtml1/DTD/xhtml1-transitional.dtd">
<html xmlns="http://www.w3.org/1999/xhtml" xml:lang="en" lang="en">
 <head>
  <title>
</title>
<meta http-equiv="Content-Type" content="text/html;charset=utf-8" />
  <meta name='ocr-system' content='tesseract 3.04.00' />
  <meta name='ocr-capabilities' content='ocr_page ocr_carea ocr_par ocr_line ocrx_word'/>
</head>
<body>
  <div class='ocr_page' id='page_1' title='image "./denaturadeorumd00cicegoog_0111.png"; bbox 0 0 2199 3546; ppageno 0'>
   <div class='ocr_carea' id='block_1_1' title="bbox 517 163 1958 227">
    <p class='ocr_par' dir='ltr' id='par_1_1' title="bbox 517 163 1958 227">
     <span class='ocr_line' id='line_1_1' title="bbox 517 163 1958 227; baseline 0 -12"><span class='ocrx_word' id='word_1_1' title='bbox 517 164 658 215; x_wconf 89' lang='lat' dir='ltr'>LIB.</span> <span class='ocrx_word' id='word_1_2' title='bbox 693 165 788 227; x_wconf 91' lang='lat'><strong>11.,</strong></span> <span class='ocrx_word' id='word_1_3' title='bbox 810 165 967 215; x_wconf 79' lang='lat' dir='ltr'>CAP.</span> <span class='ocrx_word' id='word_1_4' title='bbox 994 166 1369 226; x_wconf 82' lang='lat' dir='ltr'><strong>LlX.-LX11.‚</strong></span> <span class='ocrx_word' id='word_1_5' title='bbox 1394 163 1422 223; x_wconf 64' lang='grc' dir='ltr'><strong>ξ</strong></span> <span class='ocrx_word' id='word_1_6' title='bbox 1460 166 1702 215; x_wconf 72' lang='grc'><strong>149-154.</strong></span> <span class='ocrx_word' id='word_1_7' title='bbox 1862 166 1958 215; x_wconf 82' lang='grc'><strong>101</strong></span> 
     </span>
    </p>
   </div>
   <div class='ocr_carea' id='block_1_2' title="bbox 255 264 1966 3216">
    <p class='ocr_par' dir='ltr' id='par_1_2' title="bbox 255 264 1966 3216">
     <span class='ocr_line' id='line_1_2' title="bbox 275 264 1959 343; baseline 0.001 -20"><span class='ocrx_word' id='word_1_8' title='bbox 275 264 602 343; x_wconf 89' lang='lat' dir='ltr'><strong>caloresque</strong></span> <span class='ocrx_word' id='word_1_9' title='bbox 629 266 923 342; x_wconf 77' lang='lat' dir='ltr'><strong>pellamus,</strong></span> <span class='ocrx_word' id='word_1_10' title='bbox 1004 272 1137 323; x_wconf 80' lang='lat'>152.</span> <span class='ocrx_word' id='word_1_11' title='bbox 1173 265 1419 342; x_wconf 85' lang='lat' dir='ltr'><strong>Magnos</strong></span> <span class='ocrx_word' id='word_1_12' title='bbox 1444 284 1579 323; x_wconf 81' lang='lat' dir='ltr'><strong>vero</strong></span> <span class='ocrx_word' id='word_1_13' title='bbox 1606 284 1745 323; x_wconf 88' lang='lat' dir='ltr'><strong>usus</strong></span> <span class='ocrx_word' id='word_1_14' title='bbox 1770 264 1959 325; x_wconf 77' lang='lat' dir='ltr'><strong>adfert</strong></span> 
     </span>
     <span class='ocr_line' id='line_1_3' title="bbox 275 344 1963 423; baseline 0 -20"><span class='ocrx_word' id='word_1_15' title='bbox 275 346 350 403; x_wconf 89' lang='lat' dir='ltr'><strong>ad</strong></span> <span class='ocrx_word' id='word_1_16' title='bbox 381 346 611 422; x_wconf 85' lang='lat' dir='ltr'><strong>navigia</strong></span> <span class='ocrx_word' id='word_1_17' title='bbox 643 346 922 417; x_wconf 86' lang='lat' dir='ltr'><strong>facienda,</strong></span> <span class='ocrx_word' id='word_1_18' title='bbox 947 365 1193 423; x_wconf 88' lang='lat' dir='ltr'><strong>quorum</strong></span> <span class='ocrx_word' id='word_1_19' title='bbox 1226 345 1485 405; x_wconf 78' lang='lat' dir='ltr'>cursibus</span> <span class='ocrx_word' id='word_1_20' title='bbox 1516 344 1963 423; x_wconf 80' lang='lat' dir='ltr'><strong>suppeditantur</strong></span> 
     </span>
     <span class='ocr_line' id='line_1_4' title="bbox 277 425 1961 503; baseline -0.001 -20"><span class='ocrx_word' id='word_1_21' title='bbox 277 444 476 483; x_wconf 88' lang='lat' dir='ltr'><strong>omnes</strong></span> <span class='ocrx_word' id='word_1_22' title='bbox 504 425 760 502; x_wconf 89' lang='lat' dir='ltr'><strong>undique</strong></span> <span class='ocrx_word' id='word_1_23' title='bbox 793 426 866 483; x_wconf 89' lang='lat' dir='ltr'><strong>ad</strong></span> <span class='ocrx_word' id='word_1_24' title='bbox 894 426 1072 483; x_wconf 84' lang='lat' dir='ltr'><strong>vitam</strong></span> <span class='ocrx_word' id='word_1_25' title='bbox 1108 425 1323 503; x_wconf 88' lang='lat' dir='ltr'><strong>copiae,</strong></span> <span class='ocrx_word' id='word_1_26' title='bbox 1349 444 1601 503; x_wconf 87' lang='lat' dir='ltr'><strong>quasque</strong></span> <span class='ocrx_word' id='word_1_27' title='bbox 1631 445 1723 483; x_wconf 91' lang='lat' dir='ltr'><strong>res</strong></span> <span class='ocrx_word' id='word_1_28' title='bbox 1748 425 1961 483; x_wconf 57' lang='lat' dir='ltr'><strong>violens</strong></span> 
     </span>
     <span class='ocr_line' id='line_1_5' title="bbox 273 505 1961 583; baseline -0.001 -20"><span class='ocrx_word' id='word_1_29' title='bbox 273 506 525 563; x_wconf 73' lang='lat' dir='ltr'><strong>tissimus</strong></span> <span class='ocrx_word' id='word_1_30' title='bbox 553 512 758 563; x_wconf 86' lang='lat' dir='ltr'><strong>natura</strong></span> <span class='ocrx_word' id='word_1_31' title='bbox 781 506 997 583; x_wconf 86' lang='lat' dir='ltr'><strong>genuit,</strong></span> <span class='ocrx_word' id='word_1_32' title='bbox 1018 524 1213 563; x_wconf 85' lang='lat' dir='ltr'><strong>earum</strong></span> <span class='ocrx_word' id='word_1_33' title='bbox 1234 505 1691 563; x_wconf 77' lang='lat' dir='ltr'><strong>moderationem</strong></span> <span class='ocrx_word' id='word_1_34' title='bbox 1716 524 1825 563; x_wconf 91' lang='lat' dir='ltr'><strong>nos</strong></span> <span class='ocrx_word' id='word_1_35' title='bbox 1850 505 1961 563; x_wconf 79' lang='lat' dir='ltr'><strong>soli</strong></span> 
     </span>
     <span class='ocr_line' id='line_1_6' title="bbox 273 584 1959 663; baseline -0.001 -20"><span class='ocrx_word' id='word_1_36' title='bbox 273 584 568 655; x_wconf 86' lang='lat' dir='ltr'><strong>habemus,</strong></span> <span class='ocrx_word' id='word_1_37' title='bbox 592 585 766 642; x_wconf 89' lang='lat' dir='ltr'><strong>maris</strong></span> <span class='ocrx_word' id='word_1_38' title='bbox 797 592 970 661; x_wconf 85' lang='lat' dir='ltr'><strong>atque</strong></span> <span class='ocrx_word' id='word_1_39' title='bbox 997 592 1299 643; x_wconf 80' lang='lat' dir='ltr'><strong>ventorum</strong></span> <span class='ocrx_word' id='word_1_40' title='bbox 1334 590 1571 663; x_wconf 86' lang='lat' dir='ltr'><strong>propter</strong></span> <span class='ocrx_word' id='word_1_41' title='bbox 1602 585 1959 643; x_wconf 86' lang='lat' dir='ltr'><strong>nauticarum</strong></span> 
     </span>
     <span class='ocr_line' id='line_1_7' title="bbox 274 664 1961 741; baseline 0.001 -20"><span class='ocrx_word' id='word_1_42' title='bbox 274 684 466 721; x_wconf 87' lang='lat' dir='ltr'><strong>rerum</strong></span> <span class='ocrx_word' id='word_1_43' title='bbox 487 665 782 723; x_wconf 87' lang='lat' dir='ltr'><strong>scientiam</strong></span> <span class='ocrx_word' id='word_1_44' title='bbox 804 665 1181 741; x_wconf 83' lang='lat' dir='ltr'><strong>plurimisque</strong></span> <span class='ocrx_word' id='word_1_45' title='bbox 1196 665 1503 724; x_wconf 78' lang='lat' dir='ltr'><strong>maritimis</strong></span> <span class='ocrx_word' id='word_1_46' title='bbox 1523 664 1693 722; x_wconf 88' lang='lat' dir='ltr'><strong>rebus</strong></span> <span class='ocrx_word' id='word_1_47' title='bbox 1712 665 1961 723; x_wconf 83' lang='lat' dir='ltr'><strong>fruimur</strong></span> 
     </span>
     <span class='ocr_line' id='line_1_8' title="bbox 275 742 1961 820; baseline 0 -19"><span class='ocrx_word' id='word_1_48' title='bbox 275 751 448 820; x_wconf 86' lang='lat' dir='ltr'><strong>atque</strong></span> <span class='ocrx_word' id='word_1_49' title='bbox 483 744 713 801; x_wconf 85' lang='lat' dir='ltr'><strong>utimur.</strong></span> <span class='ocrx_word' id='word_1_50' title='bbox 797 742 1177 803; x_wconf 86' lang='lat' dir='ltr'><strong>Terrenorum</strong></span> <span class='ocrx_word' id='word_1_51' title='bbox 1202 744 1347 801; x_wconf 83' lang='lat' dir='ltr'><strong>item</strong></span> <span class='ocrx_word' id='word_1_52' title='bbox 1374 743 1815 801; x_wconf 87' lang='lat' dir='ltr'><strong>commodorum</strong></span> <span class='ocrx_word' id='word_1_53' title='bbox 1840 763 1961 801; x_wconf 84' lang='lat' dir='ltr'><strong>om·</strong></span> 
     </span>
     <span class='ocr_line' id='line_1_9' title="bbox 276 822 1961 900; baseline 0.001 -20"><span class='ocrx_word' id='word_1_54' title='bbox 276 824 368 881; x_wconf 90' lang='lat' dir='ltr'><strong>nis</strong></span> <span class='ocrx_word' id='word_1_55' title='bbox 395 823 563 881; x_wconf 84' lang='lat' dir='ltr'><strong>estin</strong></span> <span class='ocrx_word' id='word_1_56' title='bbox 584 822 820 881; x_wconf 87' lang='lat' dir='ltr'><strong>homine</strong></span> <span class='ocrx_word' id='word_1_57' title='bbox 841 824 1188 881; x_wconf 89' lang='lat' dir='ltr'><strong>dominatus.</strong></span> <span class='ocrx_word' id='word_1_58' title='bbox 1258 823 1383 881; x_wconf 88' lang='lat' dir='ltr'><strong>Nos</strong></span> <span class='ocrx_word' id='word_1_59' title='bbox 1410 824 1645 900; x_wconf 88' lang='lat' dir='ltr'><strong>campis,</strong></span> <span class='ocrx_word' id='word_1_60' title='bbox 1664 842 1773 881; x_wconf 90' lang='lat' dir='ltr'><strong>nos</strong></span> <span class='ocrx_word' id='word_1_61' title='bbox 1798 842 1961 881; x_wconf 91' lang='lat' dir='ltr'><strong>mon-</strong></span> 
     </span>
     <span class='ocr_line' id='line_1_10' title="bbox 276 902 1962 975; baseline 0 -14"><span class='ocrx_word' id='word_1_62' title='bbox 276 902 434 961; x_wconf 89' lang='lat' dir='ltr'><strong>tibus</strong></span> <span class='ocrx_word' id='word_1_63' title='bbox 453 902 716 975; x_wconf 86' lang='lat' dir='ltr'><strong>fruimur,</strong></span> <span class='ocrx_word' id='word_1_64' title='bbox 735 903 918 961; x_wconf 87' lang='lat' dir='ltr'><strong>nostri</strong></span> <span class='ocrx_word' id='word_1_65' title='bbox 937 910 1073 961; x_wconf 89' lang='lat' dir='ltr'><strong>sunt</strong></span> <span class='ocrx_word' id='word_1_66' title='bbox 1093 922 1307 975; x_wconf 77' lang='lat' dir='ltr'><strong>amneS,</strong></span> <span class='ocrx_word' id='word_1_67' title='bbox 1322 902 1513 961; x_wconf 87' lang='lat' dir='ltr'><strong>nostri</strong></span> <span class='ocrx_word' id='word_1_68' title='bbox 1526 903 1697 974; x_wconf 66' lang='lat' dir='ltr'><strong>laem,</strong></span> <span class='ocrx_word' id='word_1_69' title='bbox 1716 922 1823 961; x_wconf 87' lang='lat' dir='ltr'><strong>nos</strong></span> <span class='ocrx_word' id='word_1_70' title='bbox 1844 903 1962 961; x_wconf 84' lang='lat' dir='ltr'><strong>fru-</strong></span> 
     </span>
     <span class='ocr_line' id='line_1_11' title="bbox 276 982 1961 1061; baseline 0.001 -22"><span class='ocrx_word' id='word_1_71' title='bbox 276 1001 379 1059; x_wconf 87' lang='lat' dir='ltr'><strong>ges</strong></span> <span class='ocrx_word' id='word_1_72' title='bbox 407 982 662 1053; x_wconf 88' lang='lat' dir='ltr'><strong>serimus,</strong></span> <span class='ocrx_word' id='word_1_73' title='bbox 685 1002 794 1041; x_wconf 91' lang='lat' dir='ltr'><strong>nos</strong></span> <span class='ocrx_word' id='word_1_74' title='bbox 820 982 1066 1054; x_wconf 86' lang='lat' dir='ltr'><strong>arbores,</strong></span> <span class='ocrx_word' id='word_1_75' title='bbox 1088 1002 1197 1040; x_wconf 91' lang='lat' dir='ltr'><strong>nos</strong></span> <span class='ocrx_word' id='word_1_76' title='bbox 1224 1001 1499 1061; x_wconf 87' lang='lat' dir='ltr'><strong>aquarum</strong></span> <span class='ocrx_word' id='word_1_77' title='bbox 1529 982 1961 1041; x_wconf 81' lang='lat' dir='ltr'><strong>inductionibus</strong></span> 
     </span>
     <span class='ocr_line' id='line_1_12' title="bbox 276 1060 1961 1133; baseline 0.001 -14"><span class='ocrx_word' id='word_1_78' title='bbox 276 1062 452 1120; x_wconf 87' lang='lat' dir='ltr'><strong>terris.</strong></span> <span class='ocrx_word' id='word_1_79' title='bbox 465 1060 880 1121; x_wconf 83' lang='lat' dir='ltr'><strong>fecunditatem</strong></span> <span class='ocrx_word' id='word_1_80' title='bbox 901 1062 1123 1133; x_wconf 89' lang='lat' dir='ltr'><strong>damus,</strong></span> <span class='ocrx_word' id='word_1_81' title='bbox 1142 1081 1251 1119; x_wconf 87' lang='lat' dir='ltr'><strong>nos</strong></span> <span class='ocrx_word' id='word_1_82' title='bbox 1270 1062 1509 1121; x_wconf 86' lang='lat' dir='ltr'><strong>fiumina</strong></span> <span class='ocrx_word' id='word_1_83' title='bbox 1534 1082 1807 1131; x_wconf 82' lang='lat' dir='ltr'><strong>arcemus,</strong></span> <span class='ocrx_word' id='word_1_84' title='bbox 1827 1063 1961 1120; x_wconf 85' lang='lat' dir='ltr'><strong>diri-</strong></span> 
     </span>
     <span class='ocr_line' id='line_1_13' title="bbox 275 1142 1959 1219; baseline 0.002 -22"><span class='ocrx_word' id='word_1_85' title='bbox 275 1142 486 1219; x_wconf 70' lang='lat' dir='ltr'><strong>gimm,</strong></span> <span class='ocrx_word' id='word_1_86' title='bbox 509 1142 834 1214; x_wconf 77' lang='lat' dir='ltr'><strong>avertimuS,</strong></span> <span class='ocrx_word' id='word_1_87' title='bbox 857 1142 1070 1201; x_wconf 88' lang='lat' dir='ltr'><strong>nostris</strong></span> <span class='ocrx_word' id='word_1_88' title='bbox 1102 1142 1351 1219; x_wconf 88' lang='lat' dir='ltr'><strong>denique</strong></span> <span class='ocrx_word' id='word_1_89' title='bbox 1382 1142 1649 1200; x_wconf 88' lang='lat' dir='ltr'><strong>manibus</strong></span> <span class='ocrx_word' id='word_1_90' title='bbox 1676 1143 1737 1200; x_wconf 90' lang='lat' dir='ltr'><strong>in</strong></span> <span class='ocrx_word' id='word_1_91' title='bbox 1768 1161 1959 1201; x_wconf 86' lang='lat' dir='ltr'><strong>rerum</strong></span> 
     </span>
     <span class='ocr_line' id='line_1_14' title="bbox 276 1221 1791 1299; baseline -0.001 -18"><span class='ocrx_word' id='word_1_92' title='bbox 276 1228 482 1281; x_wconf 81' lang='lat' dir='ltr'><strong>natura</strong></span> <span class='ocrx_word' id='word_1_93' title='bbox 509 1222 672 1299; x_wconf 87' lang='lat' dir='ltr'><strong>quasi</strong></span> <span class='ocrx_word' id='word_1_94' title='bbox 697 1221 934 1280; x_wconf 87' lang='lat' dir='ltr'><strong>alteram</strong></span> <span class='ocrx_word' id='word_1_95' title='bbox 954 1230 1229 1280; x_wconf 84' lang='lat' dir='ltr'><strong>naturam</strong></span> <span class='ocrx_word' id='word_1_96' title='bbox 1255 1221 1475 1280; x_wconf 87' lang='lat' dir='ltr'><strong>efficere</strong></span> <span class='ocrx_word' id='word_1_97' title='bbox 1502 1241 1791 1280; x_wconf 80' lang='lat' dir='ltr'><strong>conamur.</strong></span> 
     </span>
     <span class='ocr_line' id='line_1_15' title="bbox 358 1300 1959 1369; baseline 0.001 -11"><span class='ocrx_word' id='word_1_98' title='bbox 358 1300 514 1359; x_wconf 88' lang='lat' dir='ltr'>LXI.</span> <span class='ocrx_word' id='word_1_99' title='bbox 603 1307 734 1361; x_wconf 80' lang='lat'>153.</span> <span class='ocrx_word' id='word_1_100' title='bbox 778 1300 936 1369; x_wconf 85' lang='lat' dir='ltr'><strong>Quid</strong></span> <span class='ocrx_word' id='word_1_101' title='bbox 973 1304 1143 1360; x_wconf 65' lang='lat' dir='ltr'><strong>vero?</strong></span> <span class='ocrx_word' id='word_1_102' title='bbox 1203 1302 1505 1359; x_wconf 88' lang='lat' dir='ltr'><strong>hominum</strong></span> <span class='ocrx_word' id='word_1_103' title='bbox 1546 1302 1695 1359; x_wconf 87' lang='lat' dir='ltr'><strong>ratio</strong></span> <span class='ocrx_word' id='word_1_104' title='bbox 1738 1320 1857 1359; x_wconf 90' lang='lat' dir='ltr'><strong>non</strong></span> <span class='ocrx_word' id='word_1_105' title='bbox 1896 1301 1959 1359; x_wconf 91' lang='lat' dir='ltr'><strong>in</strong></span> 
     </span>
     <span class='ocr_line' id='line_1_16' title="bbox 277 1380 1957 1458; baseline -0.001 -19"><span class='ocrx_word' id='word_1_106' title='bbox 277 1380 500 1439; x_wconf 87' lang='lat' dir='ltr'><strong>caelum</strong></span> <span class='ocrx_word' id='word_1_107' title='bbox 536 1400 715 1458; x_wconf 86' lang='lat' dir='ltr'><strong>usque</strong></span> <span class='ocrx_word' id='word_1_108' title='bbox 755 1382 1110 1458; x_wconf 64' lang='lat' dir='ltr'><strong>penetravit?</strong></span> <span class='ocrx_word' id='word_1_109' title='bbox 1190 1381 1315 1439; x_wconf 89' lang='lat' dir='ltr'><strong>Soli</strong></span> <span class='ocrx_word' id='word_1_110' title='bbox 1353 1382 1509 1439; x_wconf 87' lang='lat' dir='ltr'><strong>enim</strong></span> <span class='ocrx_word' id='word_1_111' title='bbox 1549 1401 1619 1439; x_wconf 87' lang='lat' dir='ltr'><strong>ex</strong></span> <span class='ocrx_word' id='word_1_112' title='bbox 1658 1382 1957 1439; x_wconf 87' lang='lat' dir='ltr'><strong>animanti·</strong></span> 
     </span>
     <span class='ocr_line' id='line_1_17' title="bbox 273 1460 1962 1538; baseline 0 -20"><span class='ocrx_word' id='word_1_113' title='bbox 273 1460 388 1518; x_wconf 86' lang='lat' dir='ltr'><strong>bus</strong></span> <span class='ocrx_word' id='word_1_114' title='bbox 426 1480 534 1521; x_wconf 87' lang='lat' dir='ltr'><strong>nos</strong></span> <span class='ocrx_word' id='word_1_115' title='bbox 574 1468 858 1519; x_wconf 84' lang='lat' dir='ltr'><strong>astrorum</strong></span> <span class='ocrx_word' id='word_1_116' title='bbox 898 1469 1071 1532; x_wconf 85' lang='lat' dir='ltr'><strong>ortus,</strong></span> <span class='ocrx_word' id='word_1_117' title='bbox 1104 1460 1297 1519; x_wconf 83' lang='lat' dir='ltr'><strong>obitus</strong></span> <span class='ocrx_word' id='word_1_118' title='bbox 1338 1480 1645 1538; x_wconf 85' lang='lat' dir='ltr'><strong>cursusque</strong></span> <span class='ocrx_word' id='word_1_119' title='bbox 1692 1460 1962 1538; x_wconf 83' lang='lat' dir='ltr'><strong>cognovi-</strong></span> 
     </span>
     <span class='ocr_line' id='line_1_18' title="bbox 277 1540 1962 1617; baseline -0.002 -16"><span class='ocrx_word' id='word_1_120' title='bbox 277 1558 424 1613; x_wconf 86' lang='lat' dir='ltr'><strong>mus,</strong></span> <span class='ocrx_word' id='word_1_121' title='bbox 449 1540 522 1597; x_wconf 90' lang='lat' dir='ltr'><strong>ab</strong></span> <span class='ocrx_word' id='word_1_122' title='bbox 550 1540 852 1599; x_wconf 88' lang='lat' dir='ltr'><strong>hominum</strong></span> <span class='ocrx_word' id='word_1_123' title='bbox 879 1560 1086 1617; x_wconf 85' lang='lat' dir='ltr'><strong>genere</strong></span> <span class='ocrx_word' id='word_1_124' title='bbox 1114 1540 1311 1599; x_wconf 86' lang='lat' dir='ltr'><strong>finitus</strong></span> <span class='ocrx_word' id='word_1_125' title='bbox 1337 1548 1425 1599; x_wconf 86' lang='lat' dir='ltr'><strong>est</strong></span> <span class='ocrx_word' id='word_1_126' title='bbox 1452 1541 1591 1611; x_wconf 87' lang='lat' dir='ltr'><strong>dies,</strong></span> <span class='ocrx_word' id='word_1_127' title='bbox 1614 1541 1843 1611; x_wconf 85' lang='lat' dir='ltr'><strong>mensis,</strong></span> <span class='ocrx_word' id='word_1_128' title='bbox 1866 1559 1962 1597; x_wconf 82' lang='lat' dir='ltr'><strong>an-</strong></span> 
     </span>
     <span class='ocr_line' id='line_1_19' title="bbox 277 1620 1962 1698; baseline -0.001 -19"><span class='ocrx_word' id='word_1_129' title='bbox 277 1640 403 1693; x_wconf 89' lang='lat' dir='ltr'><strong>nus,</strong></span> <span class='ocrx_word' id='word_1_130' title='bbox 433 1620 788 1681; x_wconf 80' lang='lat' dir='ltr'><strong>defectiones</strong></span> <span class='ocrx_word' id='word_1_131' title='bbox 827 1620 964 1679; x_wconf 89' lang='lat' dir='ltr'><strong>solis</strong></span> <span class='ocrx_word' id='word_1_132' title='bbox 1005 1628 1064 1679; x_wconf 89' lang='lat' dir='ltr'><strong>et</strong></span> <span class='ocrx_word' id='word_1_133' title='bbox 1104 1620 1273 1679; x_wconf 83' lang='lat' dir='ltr'><strong>lunae</strong></span> <span class='ocrx_word' id='word_1_134' title='bbox 1314 1621 1577 1698; x_wconf 80' lang='lat' dir='ltr'><strong>cognitae</strong></span> <span class='ocrx_word' id='word_1_135' title='bbox 1616 1620 1962 1698; x_wconf 80' lang='lat' dir='ltr'><strong>praedictae-</strong></span> 
     </span>
     <span class='ocr_line' id='line_1_20' title="bbox 279 1701 1963 1780; baseline -0.001 -21"><span class='ocrx_word' id='word_1_136' title='bbox 279 1720 392 1780; x_wconf 90' lang='lat' dir='ltr'><strong>que</strong></span> <span class='ocrx_word' id='word_1_137' title='bbox 423 1701 485 1759; x_wconf 89' lang='lat' dir='ltr'><strong>in</strong></span> <span class='ocrx_word' id='word_1_138' title='bbox 517 1720 690 1759; x_wconf 88' lang='lat' dir='ltr'><strong>omne</strong></span> <span class='ocrx_word' id='word_1_139' title='bbox 721 1709 1016 1780; x_wconf 89' lang='lat' dir='ltr'><strong>posterum</strong></span> <span class='ocrx_word' id='word_1_140' title='bbox 1048 1708 1297 1779; x_wconf 88' lang='lat' dir='ltr'><strong>tempus,</strong></span> <span class='ocrx_word' id='word_1_141' title='bbox 1322 1720 1483 1780; x_wconf 89' lang='lat' dir='ltr'><strong>quae,</strong></span> <span class='ocrx_word' id='word_1_142' title='bbox 1499 1706 1763 1780; x_wconf 86' lang='lat' dir='ltr'><strong>quantae,</strong></span> <span class='ocrx_word' id='word_1_143' title='bbox 1790 1718 1963 1778; x_wconf 85' lang='lat' dir='ltr'><strong>quan-</strong></span> 
     </span>
     <span class='ocr_line' id='line_1_21' title="bbox 279 1781 1963 1859; baseline -0.001 -19"><span class='ocrx_word' id='word_1_144' title='bbox 279 1782 356 1840; x_wconf 90' lang='lat' dir='ltr'><strong>do</strong></span> <span class='ocrx_word' id='word_1_145' title='bbox 389 1783 622 1841; x_wconf 83' lang='lat' dir='ltr'><strong>futurae</strong></span> <span class='ocrx_word' id='word_1_146' title='bbox 653 1782 784 1841; x_wconf 85' lang='lat' dir='ltr'><strong>sint.</strong></span> <span class='ocrx_word' id='word_1_147' title='bbox 869 1782 1028 1851; x_wconf 81' lang='lat' dir='ltr'><strong>Quae</strong></span> <span class='ocrx_word' id='word_1_148' title='bbox 1061 1791 1341 1841; x_wconf 81' lang='lat' dir='ltr'><strong>contuens</strong></span> <span class='ocrx_word' id='word_1_149' title='bbox 1372 1783 1599 1840; x_wconf 89' lang='lat' dir='ltr'><strong>animus</strong></span> <span class='ocrx_word' id='word_1_150' title='bbox 1638 1781 1849 1859; x_wconf 89' lang='lat' dir='ltr'><strong>accipit</strong></span> <span class='ocrx_word' id='word_1_151' title='bbox 1888 1781 1963 1838; x_wconf 88' lang='lat' dir='ltr'><strong>ab</strong></span> 
     </span>
     <span class='ocr_line' id='line_1_22' title="bbox 278 1861 1962 1940; baseline -0.001 -20"><span class='ocrx_word' id='word_1_152' title='bbox 278 1861 372 1921; x_wconf 88' lang='lat' dir='ltr'><strong>his</strong></span> <span class='ocrx_word' id='word_1_153' title='bbox 399 1861 788 1940; x_wconf 83' lang='lat' dir='ltr'><strong>cognitionem</strong></span> <span class='ocrx_word' id='word_1_154' title='bbox 819 1861 1075 1935; x_wconf 89' lang='lat' dir='ltr'><strong>deorum,</strong></span> <span class='ocrx_word' id='word_1_155' title='bbox 1096 1881 1129 1920; x_wconf 92' lang='lat' dir='ltr'><strong>e</strong></span> <span class='ocrx_word' id='word_1_156' title='bbox 1158 1882 1271 1940; x_wconf 87' lang='lat' dir='ltr'><strong>qua</strong></span> <span class='ocrx_word' id='word_1_157' title='bbox 1297 1862 1480 1922; x_wconf 82' lang='lat' dir='ltr'><strong>oritur</strong></span> <span class='ocrx_word' id='word_1_158' title='bbox 1496 1862 1698 1940; x_wconf 55' lang='lat' dir='ltr'><strong>pietas</strong></span> <span class='ocrx_word' id='word_1_159' title='bbox 1718 1862 1811 1919; x_wconf 89' lang='lat' dir='ltr'><strong>cui</strong></span> <span class='ocrx_word' id='word_1_160' title='bbox 1831 1880 1962 1918; x_wconf 84' lang='lat' dir='ltr'><strong>con-</strong></span> 
     </span>
     <span class='ocr_line' id='line_1_23' title="bbox 279 1941 1962 2021; baseline 0 -21"><span class='ocrx_word' id='word_1_161' title='bbox 279 1942 477 2000; x_wconf 85' lang='lat' dir='ltr'><strong>iuncta</strong></span> <span class='ocrx_word' id='word_1_162' title='bbox 501 1942 725 2000; x_wconf 85' lang='lat' dir='ltr'><strong>iustitia</strong></span> <span class='ocrx_word' id='word_1_163' title='bbox 755 1949 844 2000; x_wconf 88' lang='lat' dir='ltr'><strong>est</strong></span> <span class='ocrx_word' id='word_1_164' title='bbox 874 1943 1237 2021; x_wconf 78' lang='lat' dir='ltr'><strong>reliquaeque</strong></span> <span class='ocrx_word' id='word_1_165' title='bbox 1265 1943 1520 2012; x_wconf 85' lang='lat' dir='ltr'><strong>virtutes,</strong></span> <span class='ocrx_word' id='word_1_166' title='bbox 1544 1961 1577 1999; x_wconf 91' lang='lat' dir='ltr'><strong>e</strong></span> <span class='ocrx_word' id='word_1_167' title='bbox 1610 1941 1818 2019; x_wconf 89' lang='lat' dir='ltr'><strong>quibus</strong></span> <span class='ocrx_word' id='word_1_168' title='bbox 1845 1941 1962 2000; x_wconf 86' lang='lat' dir='ltr'><strong>vita</strong></span> 
     </span>
     <span class='ocr_line' id='line_1_24' title="bbox 255 2021 1962 2100; baseline -0.001 -20"><span class='ocrx_word' id='word_1_169' title='bbox 255 2021 450 2081; x_wconf 84' lang='lat' dir='ltr'><strong>&#39;beata</strong></span> <span class='ocrx_word' id='word_1_170' title='bbox 475 2021 700 2080; x_wconf 85' lang='lat' dir='ltr'><strong>exsistit</strong></span> <span class='ocrx_word' id='word_1_171' title='bbox 725 2041 830 2100; x_wconf 87' lang='lat' dir='ltr'><strong>par</strong></span> <span class='ocrx_word' id='word_1_172' title='bbox 856 2029 914 2082; x_wconf 89' lang='lat' dir='ltr'><strong>et</strong></span> <span class='ocrx_word' id='word_1_173' title='bbox 941 2023 1145 2082; x_wconf 88' lang='lat' dir='ltr'><strong>similis</strong></span> <span class='ocrx_word' id='word_1_174' title='bbox 1172 2022 1429 2094; x_wconf 87' lang='lat' dir='ltr'><strong>deorum,</strong></span> <span class='ocrx_word' id='word_1_175' title='bbox 1444 2021 1603 2080; x_wconf 86' lang='lat' dir='ltr'><strong>nulla</strong></span> <span class='ocrx_word' id='word_1_176' title='bbox 1628 2021 1741 2079; x_wconf 88' lang='lat' dir='ltr'><strong>alia</strong></span> <span class='ocrx_word' id='word_1_177' title='bbox 1762 2041 1825 2080; x_wconf 88' lang='lat' dir='ltr'><strong>re</strong></span> <span class='ocrx_word' id='word_1_178' title='bbox 1851 2021 1962 2079; x_wconf 90' lang='lat' dir='ltr'><strong>nisi</strong></span> 
     </span>
     <span class='ocr_line' id='line_1_25' title="bbox 280 2101 1960 2180; baseline -0.001 -20"><span class='ocrx_word' id='word_1_179' title='bbox 280 2101 712 2161; x_wconf 73' lang='lat' dir='ltr'><strong>immortalitate</strong></span> <span class='ocrx_word' id='word_1_180' title='bbox 741 2122 886 2180; x_wconf 87' lang='lat' dir='ltr'><strong>quae</strong></span> <span class='ocrx_word' id='word_1_181' title='bbox 912 2104 1057 2161; x_wconf 89' lang='lat' dir='ltr'><strong>nihil</strong></span> <span class='ocrx_word' id='word_1_182' title='bbox 1083 2104 1161 2161; x_wconf 88' lang='lat' dir='ltr'><strong>ad</strong></span> <span class='ocrx_word' id='word_1_183' title='bbox 1186 2103 1333 2162; x_wconf 89' lang='lat' dir='ltr'><strong>bene</strong></span> <span class='ocrx_word' id='word_1_184' title='bbox 1360 2103 1668 2161; x_wconf 84' lang='lat' dir='ltr'><strong>vivendum</strong></span> <span class='ocrx_word' id='word_1_185' title='bbox 1695 2101 1960 2180; x_wconf 89' lang='lat' dir='ltr'><strong>pertinet,</strong></span> 
     </span>
     <span class='ocr_line' id='line_1_26' title="bbox 281 2180 1963 2262; baseline 0 -22"><span class='ocrx_word' id='word_1_186' title='bbox 281 2183 490 2241; x_wconf 87' lang='lat' dir='ltr'><strong>cedens</strong></span> <span class='ocrx_word' id='word_1_187' title='bbox 515 2181 867 2241; x_wconf 87' lang='lat' dir='ltr'><strong>caelestibus.</strong></span> <span class='ocrx_word' id='word_1_188' title='bbox 951 2183 1175 2252; x_wconf 82' lang='lat' dir='ltr'><strong>Quibus</strong></span> <span class='ocrx_word' id='word_1_189' title='bbox 1200 2183 1371 2242; x_wconf 90' lang='lat' dir='ltr'><strong>rebus</strong></span> <span class='ocrx_word' id='word_1_190' title='bbox 1396 2183 1675 2262; x_wconf 85' lang='lat' dir='ltr'><strong>expositis</strong></span> <span class='ocrx_word' id='word_1_191' title='bbox 1701 2183 1839 2240; x_wconf 87' lang='lat' dir='ltr'><strong>satis</strong></span> <span class='ocrx_word' id='word_1_192' title='bbox 1864 2180 1963 2240; x_wconf 73' lang='lat' dir='ltr'><strong>do÷</strong></span> 
     </span>
     <span class='ocr_line' id='line_1_27' title="bbox 279 2261 1963 2342; baseline 0 -22"><span class='ocrx_word' id='word_1_193' title='bbox 279 2263 465 2321; x_wconf 86' lang='lat' dir='ltr'><strong>euisse</strong></span> <span class='ocrx_word' id='word_1_194' title='bbox 497 2261 696 2321; x_wconf 85' lang='lat' dir='ltr'><strong>videor</strong></span> <span class='ocrx_word' id='word_1_195' title='bbox 723 2262 972 2322; x_wconf 84' lang='lat' dir='ltr'><strong>hominis</strong></span> <span class='ocrx_word' id='word_1_196' title='bbox 1003 2273 1211 2322; x_wconf 87' lang='lat' dir='ltr'><strong>natura</strong></span> <span class='ocrx_word' id='word_1_197' title='bbox 1242 2271 1457 2342; x_wconf 89' lang='lat' dir='ltr'><strong>quanto</strong></span> <span class='ocrx_word' id='word_1_198' title='bbox 1487 2281 1691 2322; x_wconf 65' lang='lat' dir='ltr'><strong>&gt;omnes</strong></span> <span class='ocrx_word' id='word_1_199' title='bbox 1722 2262 1963 2321; x_wconf 86' lang='lat' dir='ltr'><strong>anteiret</strong></span> 
     </span>
     <span class='ocr_line' id='line_1_28' title="bbox 280 2343 1963 2422; baseline 0 -22"><span class='ocrx_word' id='word_1_200' title='bbox 280 2343 614 2401; x_wconf 87' lang='lat' dir='ltr'><strong>animantes.</strong></span> <span class='ocrx_word' id='word_1_201' title='bbox 698 2343 788 2401; x_wconf 85' lang='lat' dir='ltr'><strong>Ex</strong></span> <span class='ocrx_word' id='word_1_202' title='bbox 825 2363 940 2422; x_wconf 91' lang='lat' dir='ltr'><strong>quo</strong></span> <span class='ocrx_word' id='word_1_203' title='bbox 980 2343 1155 2403; x_wconf 88' lang='lat' dir='ltr'><strong>debet</strong></span> <span class='ocrx_word' id='word_1_204' title='bbox 1186 2344 1442 2422; x_wconf 86' lang='lat' dir='ltr'><strong>intellegi</strong></span> <span class='ocrx_word' id='word_1_205' title='bbox 1474 2363 1581 2402; x_wconf 89' lang='lat' dir='ltr'><strong>nec</strong></span> <span class='ocrx_word' id='word_1_206' title='bbox 1618 2343 1861 2421; x_wconf 81' lang='lat' dir='ltr'><strong>figuram</strong></span> <span class='ocrx_word' id='word_1_207' title='bbox 1894 2343 1963 2400; x_wconf 89' lang='lat' dir='ltr'><strong>si-</strong></span> 
     </span>
     <span class='ocr_line' id='line_1_29' title="bbox 280 2423 1963 2502; baseline 0.001 -21"><span class='ocrx_word' id='word_1_208' title='bbox 280 2429 522 2502; x_wconf 88' lang='lat' dir='ltr'><strong>tumque</strong></span> <span class='ocrx_word' id='word_1_209' title='bbox 561 2423 950 2482; x_wconf 88' lang='lat' dir='ltr'><strong>membrorum</strong></span> <span class='ocrx_word' id='word_1_210' title='bbox 985 2444 1091 2482; x_wconf 91' lang='lat' dir='ltr'><strong>nec</strong></span> <span class='ocrx_word' id='word_1_211' title='bbox 1122 2424 1342 2502; x_wconf 87' lang='lat' dir='ltr'><strong>ingenii</strong></span> <span class='ocrx_word' id='word_1_212' title='bbox 1372 2424 1696 2502; x_wconf 87' lang='lat' dir='ltr'><strong>mentisque</strong></span> <span class='ocrx_word' id='word_1_213' title='bbox 1734 2424 1849 2480; x_wconf 84' lang='lat' dir='ltr'><strong>vim</strong></span> <span class='ocrx_word' id='word_1_214' title='bbox 1881 2430 1963 2482; x_wconf 84' lang='lat' dir='ltr'><strong>ta-</strong></span> 
     </span>
     <span class='ocr_line' id='line_1_30' title="bbox 280 2501 1962 2580; baseline -0.002 -19"><span class='ocrx_word' id='word_1_215' title='bbox 280 2502 396 2561; x_wconf 89' lang='lat' dir='ltr'><strong>lem</strong></span> <span class='ocrx_word' id='word_1_216' title='bbox 429 2501 576 2561; x_wconf 87' lang='lat' dir='ltr'><strong>effici</strong></span> <span class='ocrx_word' id='word_1_217' title='bbox 603 2503 860 2580; x_wconf 87' lang='lat' dir='ltr'><strong>potuisse</strong></span> <span class='ocrx_word' id='word_1_218' title='bbox 887 2505 1139 2562; x_wconf 84' lang='lat' dir='ltr'><strong>fortuna.</strong></span> <span class='ocrx_word' id='word_1_219' title='bbox 1227 2509 1357 2562; x_wconf 84' lang='lat'>154.</span> <span class='ocrx_word' id='word_1_220' title='bbox 1403 2503 1605 2561; x_wconf 84' lang='lat' dir='ltr'><strong>Restat</strong></span> <span class='ocrx_word' id='word_1_221' title='bbox 1631 2511 1699 2562; x_wconf 87' lang='lat' dir='ltr'><strong>ut</strong></span> <span class='ocrx_word' id='word_1_222' title='bbox 1724 2503 1962 2560; x_wconf 86' lang='lat' dir='ltr'><strong>doceam</strong></span> 
     </span>
     <span class='ocr_line' id='line_1_31' title="bbox 281 2581 1963 2661; baseline -0.001 -21"><span class='ocrx_word' id='word_1_223' title='bbox 281 2589 464 2659; x_wconf 84' lang='lat' dir='ltr'><strong>atque.</strong></span> <span class='ocrx_word' id='word_1_224' title='bbox 502 2582 810 2661; x_wconf 87' lang='lat' dir='ltr'><strong>aliquando</strong></span> <span class='ocrx_word' id='word_1_225' title='bbox 851 2603 1114 2661; x_wconf 88' lang='lat' dir='ltr'><strong>perorem</strong></span> <span class='ocrx_word' id='word_1_226' title='bbox 1163 2583 1372 2654; x_wconf 89' lang='lat' dir='ltr'><strong>omnia,</strong></span> <span class='ocrx_word' id='word_1_227' title='bbox 1404 2602 1549 2661; x_wconf 87' lang='lat' dir='ltr'><strong>quae</strong></span> <span class='ocrx_word' id='word_1_228' title='bbox 1594 2583 1711 2640; x_wconf 88' lang='lat' dir='ltr'><strong>sint</strong></span> <span class='ocrx_word' id='word_1_229' title='bbox 1749 2582 1812 2639; x_wconf 90' lang='lat' dir='ltr'><strong>in</strong></span> <span class='ocrx_word' id='word_1_230' title='bbox 1852 2581 1963 2639; x_wconf 85' lang='lat' dir='ltr'><strong>hoc</strong></span> 
     </span>
     <span class='ocr_line' id='line_1_32' title="bbox 281 2661 1963 2739; baseline 0 -20"><span class='ocrx_word' id='word_1_231' title='bbox 281 2661 520 2734; x_wconf 89' lang='lat' dir='ltr'><strong>mund0‚</strong></span> <span class='ocrx_word' id='word_1_232' title='bbox 541 2662 748 2739; x_wconf 87' lang='lat' dir='ltr'><strong>quibus</strong></span> <span class='ocrx_word' id='word_1_233' title='bbox 771 2669 1004 2721; x_wconf 86' lang='lat' dir='ltr'><strong>utantur</strong></span> <span class='ocrx_word' id='word_1_234' title='bbox 1029 2662 1311 2734; x_wconf 87' lang='lat' dir='ltr'><strong>homines,</strong></span> <span class='ocrx_word' id='word_1_235' title='bbox 1330 2662 1633 2720; x_wconf 89' lang='lat' dir='ltr'><strong>hominum</strong></span> <span class='ocrx_word' id='word_1_236' title='bbox 1655 2679 1823 2720; x_wconf 86' lang='lat' dir='ltr'><strong>causa</strong></span> <span class='ocrx_word' id='word_1_237' title='bbox 1848 2661 1963 2718; x_wconf 80' lang='lat' dir='ltr'><strong>fac·</strong></span> 
     </span>
     <span class='ocr_line' id='line_1_33' title="bbox 279 2747 1297 2818; baseline -0.005 -17"><span class='ocrx_word' id='word_1_238' title='bbox 279 2747 344 2801; x_wconf 78' lang='lat' dir='ltr'><strong>ta</strong></span> <span class='ocrx_word' id='word_1_239' title='bbox 369 2761 491 2799; x_wconf 89' lang='lat' dir='ltr'><strong>esse</strong></span> <span class='ocrx_word' id='word_1_240' title='bbox 519 2750 578 2800; x_wconf 89' lang='lat' dir='ltr'><strong>et</strong></span> <span class='ocrx_word' id='word_1_241' title='bbox 604 2749 814 2818; x_wconf 86' lang='lat' dir='ltr'><strong>parata.</strong></span> <span class='ocrx_word' id='word_1_242' title='bbox 1011 2765 1016 2770; x_wconf 88' lang='lat'><strong>·</strong></span> <span class='ocrx_word' id='word_1_243' title='bbox 1290 2789 1297 2796; x_wconf 91' lang='lat'><strong>.</strong></span> 
     </span>
     <span class='ocr_line' id='line_1_34' title="bbox 289 2819 1964 2899; baseline -0.002 -20"><span class='ocrx_word' id='word_1_244' title='bbox 289 2865 296 2870; x_wconf 82' lang='lat'>-</span> <span class='ocrx_word' id='word_1_245' title='bbox 366 2820 548 2880; x_wconf 89' lang='lat' dir='ltr'>LXII.</span> <span class='ocrx_word' id='word_1_246' title='bbox 594 2821 890 2899; x_wconf 89' lang='lat' dir='ltr'><strong>Principio</strong></span> <span class='ocrx_word' id='word_1_247' title='bbox 921 2821 1046 2898; x_wconf 88' lang='lat' dir='ltr'><strong>ipse</strong></span> <span class='ocrx_word' id='word_1_248' title='bbox 1082 2821 1337 2880; x_wconf 88' lang='lat' dir='ltr'><strong>mundus</strong></span> <span class='ocrx_word' id='word_1_249' title='bbox 1367 2822 1606 2880; x_wconf 88' lang='lat' dir='ltr'><strong>deorum</strong></span> <span class='ocrx_word' id='word_1_250' title='bbox 1640 2819 1964 2878; x_wconf 83' lang='lat' dir='ltr'><strong>hominum-</strong></span> 
     </span>
     <span class='ocr_line' id='line_1_35' title="bbox 281 2898 1965 2979; baseline -0.002 -21"><span class='ocrx_word' id='word_1_251' title='bbox 281 2919 396 2978; x_wconf 89' lang='lat' dir='ltr'><strong>que</strong></span> <span class='ocrx_word' id='word_1_252' title='bbox 424 2919 594 2958; x_wconf 87' lang='lat' dir='ltr'><strong>causa</strong></span> <span class='ocrx_word' id='word_1_253' title='bbox 612 2902 800 2959; x_wconf 78' lang='lat' dir='ltr'><strong>factus</strong></span> <span class='ocrx_word' id='word_1_254' title='bbox 827 2908 929 2973; x_wconf 85' lang='lat' dir='ltr'><strong>est,</strong></span> <span class='ocrx_word' id='word_1_255' title='bbox 951 2921 1209 2979; x_wconf 87' lang='lat' dir='ltr'><strong>quaeque</strong></span> <span class='ocrx_word' id='word_1_256' title='bbox 1236 2902 1296 2958; x_wconf 92' lang='lat' dir='ltr'><strong>in</strong></span> <span class='ocrx_word' id='word_1_257' title='bbox 1319 2920 1387 2959; x_wconf 91' lang='lat' dir='ltr'><strong>eo</strong></span> <span class='ocrx_word' id='word_1_258' title='bbox 1410 2907 1561 2971; x_wconf 85' lang='lat' dir='ltr'><strong>sunt,</strong></span> <span class='ocrx_word' id='word_1_259' title='bbox 1580 2919 1649 2958; x_wconf 86' lang='lat' dir='ltr'><strong>ea</strong></span> <span class='ocrx_word' id='word_1_260' title='bbox 1666 2907 1865 2977; x_wconf 85' lang='lat' dir='ltr'><strong>parata</strong></span> <span class='ocrx_word' id='word_1_261' title='bbox 1890 2898 1965 2956; x_wconf 91' lang='lat' dir='ltr'><strong>ad</strong></span> 
     </span>
     <span class='ocr_line' id='line_1_36' title="bbox 281 2977 1964 3055; baseline -0.001 -19"><span class='ocrx_word' id='word_1_262' title='bbox 281 2981 538 3041; x_wconf 84' lang='lat' dir='ltr'><strong>fructum</strong></span> <span class='ocrx_word' id='word_1_263' title='bbox 580 2987 641 3038; x_wconf 88' lang='lat' dir='ltr'><strong>et</strong></span> <span class='ocrx_word' id='word_1_264' title='bbox 670 2981 905 3038; x_wconf 80' lang='lat' dir='ltr'><strong>inventa</strong></span> <span class='ocrx_word' id='word_1_265' title='bbox 945 2988 1095 3039; x_wconf 89' lang='lat' dir='ltr'><strong>sunt.</strong></span> <span class='ocrx_word' id='word_1_266' title='bbox 1180 2981 1285 3037; x_wconf 87' lang='lat' dir='ltr'><strong>Est</strong></span> <span class='ocrx_word' id='word_1_267' title='bbox 1316 2981 1473 3038; x_wconf 89' lang='lat' dir='ltr'><strong>enim</strong></span> <span class='ocrx_word' id='word_1_268' title='bbox 1511 2979 1762 3036; x_wconf 89' lang='lat' dir='ltr'><strong>mundus</strong></span> <span class='ocrx_word' id='word_1_269' title='bbox 1804 2977 1964 3055; x_wconf 76' lang='lat' dir='ltr'><strong>quasi</strong></span> 
     </span>
     <span class='ocr_line' id='line_1_37' title="bbox 282 3056 1966 3137; baseline -0.002 -21"><span class='ocrx_word' id='word_1_270' title='bbox 282 3060 608 3118; x_wconf 87' lang='lat' dir='ltr'><strong>communis</strong></span> <span class='ocrx_word' id='word_1_271' title='bbox 647 3061 884 3118; x_wconf 86' lang='lat' dir='ltr'><strong>deorum</strong></span> <span class='ocrx_word' id='word_1_272' title='bbox 917 3066 1090 3137; x_wconf 84' lang='lat' dir='ltr'><strong>atque</strong></span> <span class='ocrx_word' id='word_1_273' title='bbox 1122 3059 1423 3118; x_wconf 87' lang='lat' dir='ltr'><strong>hominum</strong></span> <span class='ocrx_word' id='word_1_274' title='bbox 1459 3059 1666 3116; x_wconf 90' lang='lat' dir='ltr'><strong>domus</strong></span> <span class='ocrx_word' id='word_1_275' title='bbox 1698 3065 1799 3115; x_wconf 81' lang='lat' dir='ltr'><strong>aut</strong></span> <span class='ocrx_word' id='word_1_276' title='bbox 1830 3056 1966 3114; x_wconf 90' lang='lat' dir='ltr'><strong>urbs</strong></span> 
     </span>
     <span class='ocr_line' id='line_1_38' title="bbox 281 3137 1966 3216; baseline -0.002 -20"><span class='ocrx_word' id='word_1_277' title='bbox 281 3144 672 3216; x_wconf 84' lang='lat' dir='ltr'><strong>utrorumque.</strong></span> <span class='ocrx_word' id='word_1_278' title='bbox 757 3138 880 3196; x_wconf 87' lang='lat' dir='ltr'><strong>Soli</strong></span> <span class='ocrx_word' id='word_1_279' title='bbox 907 3141 1059 3197; x_wconf 87' lang='lat' dir='ltr'><strong>enim</strong></span> <span class='ocrx_word' id='word_1_280' title='bbox 1084 3140 1311 3197; x_wconf 87' lang='lat' dir='ltr'><strong>ratione</strong></span> <span class='ocrx_word' id='word_1_281' title='bbox 1340 3145 1570 3196; x_wconf 87' lang='lat' dir='ltr'><strong>utentes</strong></span> <span class='ocrx_word' id='word_1_282' title='bbox 1596 3138 1719 3196; x_wconf 86' lang='lat' dir='ltr'><strong>iure</strong></span> <span class='ocrx_word' id='word_1_283' title='bbox 1746 3155 1813 3195; x_wconf 85' lang='lat' dir='ltr'><strong>ac</strong></span> <span class='ocrx_word' id='word_1_284' title='bbox 1838 3137 1966 3212; x_wconf 81' lang='lat' dir='ltr'><strong>lege</strong></span> 
     </span>
    </p>
   </div>
   <div class='ocr_carea' id='block_1_3' title="bbox 281 3215 1969 3343">
    <p class='ocr_par' dir='ltr' id='par_1_3' title="bbox 281 3215 1969 3343">
     <span class='ocr_line' id='line_1_39' title="bbox 281 3215 1969 3343; baseline -0.002 -67"><span class='ocrx_word' id='word_1_285' title='bbox 281 3218 499 3343; x_wconf 54' lang='lat' dir='ltr'><strong>vivung..</strong></span> <span class='ocrx_word' id='word_1_286' title='bbox 585 3219 673 3278; x_wconf 88' lang='lat' dir='ltr'><strong>Ut</strong></span> <span class='ocrx_word' id='word_1_287' title='bbox 699 3218 879 3295; x_wconf 82' lang='lat' dir='ltr'><strong>igitur</strong></span> <span class='ocrx_word' id='word_1_288' title='bbox 903 3218 1165 3277; x_wconf 85' lang='lat' dir='ltr'><strong>Athenas</strong></span> <span class='ocrx_word' id='word_1_289' title='bbox 1190 3226 1251 3277; x_wconf 88' lang='lat' dir='ltr'><strong>et</strong></span> <span class='ocrx_word' id='word_1_290' title='bbox 1278 3217 1767 3277; x_wconf 86' lang='lat' dir='ltr'><strong>Lacedaemonem</strong></span> <span class='ocrx_word' id='word_1_291' title='bbox 1781 3215 1969 3282; x_wconf 52' lang='lat' dir='ltr'><strong>Athea</strong></span> 
     </span>
    </p>
   </div>
  </div>
 </body>
</html>
