2199 3546
533 131 672 181 Lm.
707 126 767 193 L,
795 124 952 180 cAl’.
979 131 1383 195 Lim—LVIII„
1410 133 1441 194 ξ
1470 137 1713 189 127-132.
1874 139 1975 189 198

289 232 567 309 quaedam
595 251 786 290 rerum
802 232 1146 292 futurarum.
1217 233 1447 293 Etenim
1472 236 1621 295 Ceos
1647 238 1977 317 accepimus

288 320 480 370 ortum
513 312 821 370 Caniculae
854 312 1163 391 diligenter
1195 317 1503 392 quotannis
1537 316 1716 377 solere
1750 337 1970 377 servare

287 393 788 469 coniecturamque
829 412 1046 470 capere,
1071 402 1139 451 ut
1176 394 1372 452 scribit
1405 395 1684 453 Ponticus
1719 398 1968 456 Heracli-

287 473 405 543 deS‚
430 471 740 530 salubrisne
768 492 840 529 an
870 473 1142 549 pestilens
1174 493 1357 532 annus
1384 475 1613 533 futurus
1640 478 1731 537 sit.
1817 478 1967 535 Nam

287 552 336 609 si
369 552 666 609 obscurior
697 552 860 629 quasi
893 553 1206 629 caliginosa
1238 553 1399 611 stella
1431 556 1729 627 exstiterit,
1753 557 1968 634 pingue

205 702 210 705 Ι
287 638 346 689 et
373 642 698 689 concretum
732 652 850 689 csse
880 632 1117 703 caelum,
1144 641 1207 690 ut
1235 634 1357 691 eius
1390 635 1661 711 aspiratio
1690 637 1878 712 gravis
1911 645 1971 695 et

286 712 558 787 pestilens
589 712 788 769 futura
829 713 941 771 sit:
985 713 1074 769 sin
1112 712 1345 771 illustris
1384 720 1445 771 et
1476 714 1769 790 perlucida
1808 716 1971 774 stella

285 792 627 868 apparuerit,
648 792 954 865 significari
977 792 1196 850 caelum
1226 813 1345 851 esse
1367 800 1539 851 tenue
1558 814 1883 873 purumque
1910 804 1970 853 et

285 878 589 949 propterea
628 871 865 930 salubre.
956 878 1086 931 131.
1132 872 1501 931 Democritus
1541 882 1732 932 autem
1776 882 1970 933 censet

285 952 572 1028 sapienter
602 951 922 1010 instituisse
952 958 1171 1011 veteres
1202 961 1269 1010 ut
1299 952 1617 1011 hostiarum
1650 954 1969 1013 immolata-

285 1050 413 1088 rum
449 1032 863 1108 inspicerentur
894 1038 1040 1103 exta,
1066 1051 1311 1110 quorum
1352 1053 1422 1091 ex
1457 1033 1657 1092 habitu
1692 1041 1864 1113 atque
1898 1055 1969 1093 ex

285 1110 476 1168 colore
503 1119 626 1168 tum
663 1111 1028 1184 salubritatiS,
1051 1119 1180 1170 tum
1207 1113 1567 1190 pestilentiae
1600 1114 1767 1191 signa
1792 1115 1969 1193 perci-

285 1191 364 1267 pi,
387 1210 503 1248 non
539 1209 854 1267 numquam
887 1192 1079 1264 etiam,
1106 1212 1250 1271 quae
1283 1194 1359 1252 sit
1386 1193 1474 1251 vel
1503 1194 1771 1253 sterilitas
1802 1214 1965 1273 agro·

284 1290 412 1328 rum
441 1270 529 1328 vel
556 1271 825 1329 fertilitas
852 1271 1062 1331 futura.
1148 1273 1307 1342 Quae
1334 1274 1383 1331 si
1411 1294 1446 1331 a
1478 1280 1681 1332 natura
1707 1276 1967 1353 profecta

285 1350 605 1409 observatio
647 1357 818 1430 atque
853 1372 988 1409 usus
1021 1352 1275 1429 agnovit,
1298 1353 1481 1411 multa
1513 1354 1737 1412 adferre
1770 1355 1965 1433 potuit

284 1430 422 1502 dies,
449 1450 592 1508 quae
635 1431 1142 1490 animadvertendo
1183 1438 1535 1505 notarentur,
1560 1441 1626 1491 ut
1657 1434 1752 1492 ille
1789 1435 1968 1493 Pacu-

283 1512 484 1569 vianus
512 1512 611 1589 qui
643 1511 701 1568 in
730 1510 950 1588 Chryse
977 1511 1257 1590 physicus
1284 1512 1575 1570 inducitur
1600 1513 1841 1572 minime
1872 1534 1968 1572 na·

280 1598 470 1649 turam
498 1611 688 1649 rerum
716 1594 994 1669 cognosse
1021 1592 1317 1654 videatur:

605 1714 736 1763 Nam
761 1713 883 1773 isti8‚
904 1713 987 1777 qui
1011 1713 1232 1776 linguam
1259 1714 1423 1762 avium
1445 1714 1753 1776 intellegunt,

475 1778 694 1842 Plusque
716 1794 782 1828 ex
804 1779 967 1828 alieno
989 1780 1153 1829 iecore
1175 1781 1375 1844 sapiunt
1394 1797 1547 1844 quam
1570 1796 1636 1830 ex
1660 1797 1764 1842 suo,

477 1845 642 1905 Magis
665 1844 966 1894 audiendum
989 1861 1141 1908 quam
1164 1846 1541 1895 auscultandum
1566 1861 1756 1896 censeo.

279 1953 434 2011 Cur?
475 1973 704 2031 quaes0‚
736 1974 869 2011 cum
910 1955 1035 2032 ipse
1077 1955 1275 2033 paucis
1316 1955 1671 2033 interpositis
1712 1955 1967 2014 versibus

279 2034 435 2092 dicas
463 2034 602 2092 satis
629 2035 950 2092 luculente:

279 2155 532 2218 Quidquid
554 2164 631 2204 est
652 2155 762 2216 hoc,
783 2157 953 2205 omnia
978 2157 1185 2218 animat,
1208 2156 1409 2216 format,
1431 2155 1535 2215 alit,
1556 2167 1723 2218 auget,
1741 2164 1893 2218 creat,

278 2221 464 2284 Sepelit
485 2221 828 2284 recipitque-in
854 2237 960 2270 sese
982 2223 1166 2281 omnia,
1191 2223 1513 2284 omniumque
1536 2222 1667 2272 idem
1697 2233 1773 2272 est
1794 2233 1962 2286 pater:

277 2287 606 2400 Indidlemttlue
622 2288 892 2350 eademque
913 2287 1142 2336 oriuntur
1164 2287 1225 2335 de
1249 2287 1440 2348 integro
1462 2296 1613 2351 atque
1635 2288 1812 2337 eodem
1835 2289 1964 2338 occi-

445 2367 507 2400 un
537 2387 550 2400 .

277 2463 432 2532 Quid
481 2469 568 2522 est
614 2463 795 2540 igitur
841 2481 957 2534 cur,
993 2481 1126 2520 cum
1171 2462 1379 2520 domus
1422 2463 1498 2520 sit
1538 2464 1801 2522 omnium
1851 2483 1966 2522 una

276 2562 456 2620 eaque
503 2543 827 2601 communis
875 2561 1121 2619 cumque
1169 2542 1347 2599 animi
1388 2541 1692 2601 hominum
1742 2562 1966 2621 semper

275 2623 494 2681 fuerint
541 2623 839 2700 futurique
881 2622 1012 2694 sint,
1050 2641 1152 2680 cur
1192 2622 1236 2679 ii
1278 2623 1418 2699 quid
1460 2642 1529 2680 ex
1572 2642 1800 2700 quoque
1842 2642 1966 2680 eve-

275 2703 399 2760 niat
432 2709 492 2760 et
524 2702 666 2782 quid
701 2721 986 2780 quamque
1018 2721 1139 2759 rem
1175 2701 1460 2776 significet
1491 2702 1809 2779 perspicere
1844 2721 1962 2761 non

274 2784 536 2861 possint?
617 2782 779 2842 Haec
819 2781 1012 2853 habui,
1048 2781 1255 2859 inquit,
1292 2782 1365 2841 de
1414 2783 1769 2840 divinatione
1818 2800 1963 2859 quae

274 2863 541 2921 dicerem.

355 2942 572 3002 LVIII.
661 2947 793 3000 132.
838 2940 1009 2999 Nunc
1050 2940 1149 2998 illa
1188 2940 1459 3013 testabor,
1490 2959 1611 2998 non
1658 2959 1753 2998 me
1802 2939 1965 2998 sorti-

273 3021 434 3100 legos
475 3041 662 3100 neque
703 3041 818 3093 eOS,
845 3021 946 3098 qui
979 3027 1248 3099 quaestus
1288 3041 1459 3080 causa
1499 3020 1865 3089 bariolentur‚
1889 3038 1963 3092 ne

274 3101 716 3180 psychomantia
757 3101 1009 3179 quidem,
1047 3101 1259 3180 quibus
1300 3100 1529 3179 Appius
1571 3100 1789 3158 amicus
1828 3106 1963 3158 tuus

273 3184 361 3240 uti
403 3181 640 3254 solebat,
675 3199 1001 3255 agnoscere.
1085 3181 1223 3240 Non
1265 3181 1451 3240 habeo
1499 3181 1747 3260 denique
1795 3179 1961 3238 nauci
