2199 3546
760 143 898 194 Lm.
925 142 996 207 1.,
1020 142 1411 206 CAP.11.—V.‚
1431 142 1461 204 ς
1476 144 1593 194 4-9.
1704 164 1709 168 -
1926 146 2023 195 ιω

333 245 461 306 luce
481 244 744 307 videatur
771 245 991 305 clarius.
1061 245 1133 308 ,7.
1170 245 1288 305 Sed
1306 246 1447 308 haec
1476 246 1711 324 quidem
1732 246 1857 309 laus
1878 246 2019 306 Aca-

335 326 558 385 demiae
601 326 1079 404 praestantissimi
1123 326 1457 404 philosophi
1501 327 1717 385 iudicio
1762 335 1821 385 et
1865 329 2025 386 testi-

331 407 534 465 monio
563 406 940 483 comprobata
965 414 1066 464 est.
1154 406 1259 464 IV.
1306 406 1535 466 Etenim
1563 407 1854 467 nobismet
1881 409 2023 486 ipsis

335 486 741 565 quaerentibus
787 487 927 564 quid
978 486 1055 544 sit
1099 486 1172 543 de
1225 485 1583 546 divinatione
1626 488 2019 560 iudicandum,

335 567 494 645 quod
521 587 557 625 a
583 566 876 625 Carneade
903 566 1088 624 multa
1112 574 1279 626 acute
1307 574 1367 626 et
1394 567 1627 644 copiose
1660 576 1862 627 contra
1894 568 2023 627 Sto-

333 648 456 707 icos
476 647 770 725 disputata
791 646 923 719 sint,
943 646 1385 724 verentibusque
1406 666 1479 705 ne
1498 654 1713 706 temere
1734 648 1823 705 vel
1844 648 2022 707 falsae

333 727 417 785 r'ei
445 728 534 785 vel
560 747 680 785 non
709 727 848 788 satis
875 728 1141 804 cognitae
1168 726 1559 789 adsentiamur
1582 727 1917 787 faciendum
1944 730 2023 786 vi-

333 808 504 869 detur
525 814 592 865 ut
611 807 918 885 diligenter
939 808 1115 865 etiam
1135 814 1309 885 atque
1330 808 1507 869 etiam
1528 815 1868 884 argumenta
1888 828 2020 867 cum

335 888 690 963 argumentis
729 906 1144 965 comparemus,
1168 898 1237 945 ut
1266 888 1512 947 fecimus
1544 888 1605 945 in
1636 888 1711 945 iis
1741 888 1927 947 tribus
1960 888 2023 947 li-

334 967 468 1038 bris,
495 987 640 1045 quos
667 967 740 1026 de
769 975 972 1028 natura
999 968 1241 1025 deorum
1270 968 1617 1045 scripsimuS.
1701 968 1853 1026 Nam
1888 988 2020 1027 cum

320 1047 606 1107 omnibus
632 1048 692 1105 in
725 1048 896 1108 rebus
928 1048 1221 1107 temeritas
1248 1048 1307 1105 in
1343 1048 1719 1107 adsentiendo
1753 1068 2021 1127 errorque

333 1128 521 1205 turpis
547 1138 636 1187 est
655 1135 784 1187 tum
806 1128 866 1186 in
895 1148 964 1187 eo
987 1128 1115 1187 loco
1135 1130 1400 1199 maxime,
1416 1128 1477 1185 in
1508 1148 1623 1206 quo
1644 1128 2019 1189 iudicandum

334 1215 422 1265 est
454 1215 734 1286 quantum
768 1209 1038 1285 auspiciis
1069 1208 1353 1287 rebusque
1386 1208 1599 1267 divinis
1637 1209 2021 1288 religionique

334 1288 685 1347 tribuamus:
731 1296 818 1346 est
858 1290 1012 1346 enim
1047 1289 1365 1366 periculum
1399 1308 1473 1347 ne
1504 1294 1607 1347 aut
1638 1290 1915 1367 neglectis
1948 1291 2021 1349 iis

333 1368 514 1445 impia
545 1369 749 1428 fraude
791 1375 891 1427 aut
927 1370 1207 1446 susceptis
1250 1369 1389 1427 anili
1430 1370 1837 1448 superstitione
1880 1371 2022 1429 obli-

373 1468 550 1509 emur.

331 1468 374 1525 g
412 1529 490 1589 V.
575 1536 627 1587 8.
673 1528 896 1598 Quibus
928 1528 1004 1586 de
1044 1528 1215 1586 rebus
1254 1536 1313 1587 et
1354 1528 1493 1587 alias
1534 1550 1703 1608 saepe
1744 1536 1805 1589 et
1844 1531 2019 1606 paulo

329 1610 650 1669 accuratius
677 1628 876 1686 nuper,
901 1628 1034 1667 cum
1061 1628 1244 1667 essem
1272 1628 1402 1667 cum
1427 1608 1494 1678 Q.
1520 1610 1697 1668 fratre
1724 1610 1785 1668 in
1806 1610 2021 1669 Tuscu-

327 1686 480 1761 ]an0,
503 1690 864 1767 disputatum
893 1696 995 1747 est.
1063 1688 1217 1747 Nam
1245 1708 1377 1747 cum
1406 1688 1738 1749 ambulandi
1767 1710 1937 1749 causa
1956 1691 2018 1749 in

310 1769 572 1848 [Lycium
613 1769 1136 1834 venissemus—id
1178 1770 1333 1828 enim
1378 1771 1659 1848 superiori
1698 1771 2017 1849 Gymnasio

328 1870 542 1909 nomen
592 1859 715 1911 est:
773 1851 1016 1926 Perlegi,
1051 1851 1245 1928 inquit
1291 1851 1404 1923 ille,
1439 1860 1607 1911 tuum
1655 1852 1829 1929 paulo
1882 1860 2017 1911 ante

329 1931 568 1990 tertium
595 1931 668 1990 de
695 1938 898 1990 natura
932 1931 1189 2001 deorum,
1213 1931 1274 1990 in
1310 1951 1427 2010 quo
1458 1932 1780 2008 disputatio
1808 1931 2017 1991 Cottae

333 2029 680 2088 quamquam
713 2011 1087 2070 labefactavit
1120 2012 1463 2070 sententiam
1497 2031 1703 2084 meam,
1732 2032 1851 2070 non
1886 2014 2029 2072 fun-'

332 2091 488 2148 ditus
503 2099 694 2150 tamen
722 2092 972 2152 sustulit.
1034 2091 1273 2170 Optime
1294 2092 1722 2170 ve1·0‚inqua1n.
1781 2093 2014 2152 Etenim

329 2170 457 2247 ipse
497 2171 673 2229 Cotta
713 2172 794 2229 sic
834 2171 1109 2250 disputat,
1139 2181 1206 2231 ut
1249 2171 1577 2234 Stoicorum
1619 2173 1804 2250 magis
1852 2193 2015 2252 argu-

329 2249 526 2309 menta
565 2252 830 2317 confutet
870 2271 1042 2330 quam
1083 2252 1389 2312 hominum
1430 2253 1617 2312 deleat
1655 2255 2010 2332 religionem.

328 2330 480 2388 Tum
508 2331 790 2401 Quintus:
834 2332 1068 2391 Dicitur
1092 2333 1329 2411 quidem
1362 2334 1527 2405 istuc,
1548 2335 1753 2413 inquit,
1778 2355 1813 2393 a
1839 2335 2015 2394 Cotta

327 2419 387 2470 et
416 2432 548 2470 vero
577 2414 822 2491 saepius,
845 2413 1036 2484 cred0‚
1057 2432 1133 2472 ne
1158 2415 1491 2476 communia
1516 2415 1642 2473 iura
1667 2417 1913 2493 migrare
1934 2417 2015 2473 vi-

327 2491 545 2568 deatur,
567 2494 668 2553 sed
685 2493 881 2552 studio
903 2501 1107 2552 contra
1120 2493 1351 2554 Stoicos
1366 2495 1681 2554 disserendi
1704 2496 1845 2554 deos
1864 2495 2012 2553 mihi

325 2573 554 2630 videtur
584 2573 853 2632 funditus
884 2573 1101 2634 tollere.
1186 2579 1240 2634 9.
1284 2576 1425 2633 Eius
1465 2576 1675 2633 rationi
1717 2596 1836 2634 non
1876 2596 2011 2634 sane

325 2651 590 2712 desidero
619 2654 777 2730 quod
805 2653 1217 2732 respondeam:
1262 2656 1401 2714 satis
1428 2656 1582 2714 enim
1614 2656 1855 2722 defensa
1886 2657 2013 2715 reli-

324 2733 425 2808 gio
468 2739 556 2790 est
589 2732 649 2790 in
692 2734 942 2795 secundo
976 2733 1125 2794 libro
1158 2753 1195 2795 a
1225 2733 1463 2806 Lucilio,
1488 2737 1651 2794 cuius
1692 2735 2011 2813 disputatio

323 2811 438 2869 tibi
481 2812 610 2888 ipsi,
642 2820 710 2871 ut
750 2814 810 2871 in
852 2821 1113 2872 extremo
1153 2815 1325 2873 tertio
1368 2815 1585 2887 scribiS‚
1608 2815 1684 2876 ad
1713 2817 2009 2874 veritatem

325 2897 414 2951 est
433 2892 556 2951 visa
581 2895 933 2970 propensior.
1001 2893 1135 2966 Sed,
1160 2895 1317 2972 quod
1343 2897 1802 2973 praetermissum
1834 2903 1921 2954 est
1948 2897 2009 2953 in

323 2972 438 3029 illis
465 2971 642 3044 libris,
668 2974 855 3045 cred0‚
882 2974 1017 3052 quia
1043 2975 1406 3034 commodius
1434 2976 1739 3034 arbitratus
1767 2995 1827 3032 es
1855 2995 2011 3053 sepa-

322 3053 492 3111 ratim
535 3052 601 3110 id
643 3055 837 3132 quaeri
877 3055 1062 3133 deque
1105 3074 1176 3113 eo
1218 3056 1436 3126 disseri,
1462 3056 1523 3113 id
1556 3063 1659 3126 est,
1687 3056 1760 3113 de
1794 3055 2010 3114 divina-

323 3133 499 3205 tione,
523 3153 668 3212 quae
691 3141 777 3192 est
799 3154 996 3192 earum
1017 3155 1227 3206 rerum,
1248 3155 1395 3214 quae
1414 3136 1689 3194 fortuitae
1711 3143 2005 3213 putantur,

321 3215 640 3292 praedictio
689 3222 862 3294 atque
905 3217 1245 3294 praesens-iO,
1278 3216 1357 3288 id,
1388 3217 1437 3273 si
1477 3215 1681 3293 placet,
1714 3217 2007 3274 videamus
