2199 3546
207 114 305 167 244
726 90 1369 165 nnmvmxnoun.

468 212 622 277 „Non
641 210 989 275 intellegimus,
1007 211 1105 261 nisi
1126 211 1169 260 si
1194 219 1365 275 aperte
1390 209 1593 261 dixeris.

210 318 298 378 At'
319 317 562 377 illeuno
591 316 766 375 verbe
786 336 801 375 z
825 350 828 353 ·

501 424 739 478 Testud0.

209 534 649 612 Nonpotueras
675 534 788 593 hoc
819 532 1062 611 igitura
1087 528 1393 611 principie,
1416 530 1731 603 citharista,
1755 532 1905 593 dice·

208 616 307 673 re?
408 613 592 673 LXV.
679 618 813 672 134.
855 613 1066 671 Defert
1112 613 1188 672 ad
1236 612 1619 671 coniectorem
1666 612 1904 689 quidam

210 694 526 752 somniasse
557 712 619 753 se
651 712 838 753 ovum„
857 693 1111 771 pendere
1142 712 1213 751 ex
1247 692 1428 753 fascia
1456 692 1593 750 lecti
1626 692 1715 752 sui
1746 692 1905 751 cubi÷

209 774 450 833 cularis..
515 772 622 831 Est
648 771 759 832 hoc
786 773 848 831 in
877 771 1192 850 Chrysippi
1220 771 1369 829 libro
1402 772 1708 831 somnium.
1789 772 1900 831 Re-

211 852 450 931 spondit
475 852 766 914 coniector
786 852 1118 911 thesaurum
1140 852 1437 910 defossum
1459 870 1579 909 esse
1602 851 1711 909 sub
1730 850 1899 911 lecto,

211 932 417 991 Fodit:
459 933 682 992 invenit
713 932 836 993 auri
869 932 1245 1009 aliquantum,
1276 931 1451 1008 idque
1484 931 1902 993 circumdatum

211 1019 468 1089 argente.
551 1011 716 1069 Misit
755 1010 1068 1070 coniectori
1113 1010 1453 1089 quantulum
1488 1011 1673 1069 visum
1708 1019 1797 1069 est
1829 1010 1903 1069 de

211 1098 466 1167 argento.
550 1090 703 1148 Tum
734 1090 862 1150 ille:
907 1090 1160 1161 Nihilne,
1183 1091 1391 1168 inquit,
1414 1090 1488 1148 de
1517 1090 1749 1149 vitello?
1830 1090 1903 1149 Id

212 1171 367 1229 enim
395 1170 448 1228 ei
477 1190 546 1228 ex
575 1189 686 1227 ovo
713 1169 1244 1233 videbaturaurum
1267 1169 1594 1241 declarasse,
1618 1169 1899 1247 reliquum

211 1256 532 1326 argentum.
607 1249 869 1309 Nemone
891 1249 1069 1325 igitur
1088 1269 1367 1341 umquam
1394 1250 1537 1307 alius
1558 1269 1732 1307 ovum
1755 1268 1905 1307 som-

212 1329 430 1388 niaviti
468 1347 570 1388 cur
601 1348 737 1407 ergo
771 1328 866 1387 hic
899 1329 1094 1387 nescio
1128 1330 1225 1407 qui
1258 1330 1589 1387 thesaurum
1634 1329 1835 1388 solus
1818 1348 1903 1386 in-

214 1409 438 1469 venit}
495 1408 682 1478 Quam
715 1408 928 1467 multi
912 1428 1117 1485 mopes
1149 1410 1312 1485 digni
1340 1408 1626 1487 praesidio
1661 1409 1899 1467 deorum

213 1488 374 1548 nullo
415 1490 641 1547 somnio
683 1488 758 1547 ad
789 1489 1123 1547 thesaurum
1154 1489 1552 1566 reperiendum
1592 1488 1899 1547 admonen
1907 1488 1911 1495 '

214 1570 342 1627 turl
425 1568 612 1637 Quam
653 1575 846 1626 autem
879 1568 958 1625 ob
991 1588 1218 1627 causam
1255 1575 1371 1625 tam
1408 1576 1495 1625 est
1528 1567 1763 1626 obscure
1806 1567 1899 1625 ad

214 1649 506 1720 monituS,
527 1656 596 1707 ut
641 1667 712 1705 ex
761 1667 871 1705 ovo
913 1655 1239 1706 nasceretur
1278 1648 1530 1705 thesauri
1580 1648 1900 1707 similitudo

217 1729 412 1806 potius
445 1747 630 1806 quam
669 1734 864 1806 aperte
907 1727 1239 1786 thesaurum
1284 1746 1552 1805 quaerere
1592 1726 1897 1800 iuberetur,

217 1809 366 1867 sicut
406 1816 600 1886 aperte
633 1807 961 1866 Simonides
1001 1809 1215 1867 vetitus
1256 1816 1343 1866 est
1374 1809 1676 1885 navigare.
1660 1809 1681 1852 3
1734 1801 1896 1868 135.

215 1887 396 1965 Ergo
406 1887 645 1949 obscura
677 1889 902 1949 somnia
931 1888 1173 1947 minime
1206 1895 1588 1946 consentanea
1614 1863 1901 1946 maiestati

215 1967 471 2028 deorum.
556 1968 771 2028 LXVI.
805 1967 906 2027 Ad
927 1976 1125 2046 aperta
1150 1975 1208 2026 et
1229 1969 1377 2026 clara
1403 1968 1713 2040 veniamus,
1735 1958 1900 2046 quale

217 2054 305 2106 est
331 2048 402 2106 de
429 2047 530 2107 illo
558 2049 866 2109 interfecto
894 2069 928 2106 a
955 2067 1212 2126 caupone
1234 2047 1498 2125 Megaris,
1522 2047 1688 2125 quale
1716 2048 1807 2107 de
1816 2047 1901 2108 Si-

217 2112 468 2200 monide,
489 2128 589 2206 qui
617 2128 689 2186 ab
717 2147 804 2200 ec,
829 2148 999 2206 quem
1023 2128 1303 2200 humarat,
1327 2128 1539 2186 vetitus
1566 2135 1654 2186 est
1674 2127 1902 2204 naviga-

149 2279 157 2286 ·
216 2226 294 2279 re,
327 2207 490 2285 quale
523 2209 695 2282 etiam
726 2208 798 2266 de
825 2207 1173 2279 Alexandro,
1199 2207 1355 2285 quod
1382 2227 1417 2267 a
1442 2215 1501 2265 te
1528 2207 1899 2285 praeteritum

218 2306 339 2347 esse
377 2287 588 2348 miror:
634 2287 748 2364 qui,
780 2307 912 2345 cum
946 2287 1313 2346 Ptolemaeus
1345 2287 1643 2346 familiaris
1684 2287 1827 2348 eius
1838 2287 1899 2344 in

219 2365 438 2443 proelio
470 2367 586 2424 telo
620 2373 898 2426 venenato
932 2367 1081 2425 ictus
1110 2374 1257 2425 esset
1285 2387 1467 2446 eoque
1493 2367 1725 2426 vulnere
1752 2369 1902 2426 sum-

217 2465 316 2504 mo
350 2465 484 2507 cum
515 2446 712 2504 dolore
744 2453 1075 2517 moreretur,
1099 2446 1427 2506 Alexander
1455 2446 1721 2506 adsidens
1754 2465 1901 2504 som-

217 2546 297 2585 no
339 2533 426 2584 est
467 2527 816 2604 consopitus,
899 2525 1052 2584 Tum
1093 2528 1409 2585 secundum
1452 2528 1707 2604 quietem
1746 2527 1901 2584 visus

219 2606 273 2663 ei
303 2605 514 2665 dicitm
546 2607 766 2664 draco
750 2627 816 2678 ιε,
842 2626 1012 2684 quem
1046 2613 1231 2664 mater
1257 2607 1559 2685 Olympias
1591 2606 1793 2677 alebat,
1817 2623 1902 2664 ra-

220 2685 470 2743 diculam
505 2706 601 2744 ore
636 2687 785 2744 ferre
827 2693 886 2744 et
924 2685 1092 2744 simul
1128 2687 1313 2744 dicere
1349 2706 1463 2764 quo
1501 2687 1600 2744 illa
1631 2685 1744 2743 loci
1777 2704 1901 2741 nas-

221 2772 734 2844 ceretnr——neque
774 2765 824 2823 is
865 2765 1037 2842 longe
1077 2765 1274 2824 aberat
1314 2765 1386 2823 ab
1428 2785 1496 2824 eo
1538 2765 1901 2824 loco-eius

221 2851 413 2902 autem
459 2863 579 2903 esse
620 2846 739 2903 vim
779 2851 1017 2917 tantam,
1051 2852 1121 2902 ut
1161 2845 1559 2904 Ptolemaeum
1600 2843 1769 2903 facile
1819 2863 1901 2901 sa-

221 2931 398 2984 naret.
474 2923 626 2982 Cum
651 2925 980 2983 Alexander
1006 2932 1367 3002 experrectus
1394 2931 1675 2984 narrasset
1702 2924 1901 2982 amicis

221 3003 526 3076 somnium,
556 3005 812 3062 emisisse
851 3005 950 3082 qui
982 3005 1139 3062 illam
1181 3004 1490 3062 radiculam
1531 3010 1898 3082 quaererent:

223 3100 336 3158 qua
370 3083 605 3141 inventa
644 3092 702 3142 et
738 3085 1104 3142 Ptolemaeus
1146 3092 1374 3142 sanatus
1413 3086 1623 3142 dicitur
1664 3092 1721 3142 et
1758 3083 1900 3140 mul-

219 3161 269 3218 ti
315 3162 545 3234 milites,
591 3165 690 3239 qui
739 3171 900 3222 erant
947 3164 1151 3222 eodem
1195 3183 1403 3240 genere
1448 3165 1551 3222 teli
1602 3163 1892 3222 vulnerati.
