2199 3546
18 2616 25 2659 —

260 129 320 176 18
697 124 799 181 DE
830 124 1132 176 NATURA
1150 125 1499 184 DEORUM..

255 232 424 304 put-at
439 224 682 284 aethera
707 244 830 284 esse
854 244 1008 298 eum,
1035 244 1206 302 quem
1234 225 1501 284 homines
1522 225 1720 284 Iovem
1746 229 1943 305 appel-

254 307 454 377 larent,
481 306 694 382 quique
721 312 824 364 aer
849 324 952 383 per
979 302 1163 373 maria
1179 313 1461 376 manaret,
1482 326 1615 364 eum
1645 327 1766 366 esse
1789 307 1943 386 Nep-

255 393 834 463 tunum,=terramque
883 405 1009 444 eam
1059 405 1197 458 esse,
1229 405 1375 464 ‚quae
1421 385 1593 444 Ceres
1638 388 1939 461 diceretur,

255 467 544 543 similique
592 467 814 524 ratione
858 466 1221 543 persequitur
1263 465 1541 524 vocabula
1588 466 1941 544 reliquorum

257 546 511 604 deorum.
597 545 877 623 Idemque
906 545 1080 603 etiam
1103 545 1247 622 legis
1266 552 1576 623 perpetuae
1598 554 1659 604 et
1678 553 1941 606 aeternae

257 627 391 696 vim,
418 645 562 702 quae
591 626 753 700 quasi
781 627 899 684 dux
928 625 1078 684 vitae
1104 631 1165 684 et
1193 626 1469 701 magistra
1492 625 1815 688 officiorum
1846 629 1938 700 sit,

256 709 456 768 Iovem
500 709 644 768 dicit
687 728 809 768 esse
853 707 1213 782 eandemque
1255 705 1495 764 fatalem
1540 708 1940 783 necessitatem

255 783 523 861 appellat,
555 785 966 861 sempiternam
1013 803 1205 843 rerum
1250 785 1575 845 futurarum
1618 787 1937 859 veritatem,

257 883 503 940 quorum
538 863 684 922 nihil
715 863 830 922 tale
863 870 966 937 est,
997 871 1064 923 ut
1096 865 1157 923 in
1192 883 1261 924 eo
1294 865 1381 924 vis
1414 865 1611 924 divina
1642 867 1826 927 inesse
1859 867 1941 924 vi-

255 943 476 1005 deatur,
560 947 654 1001 41.
692 943 770 1002 Et
801 941 942 1002 haec
977 944 1211 1022 quidem
1244 945 1305 1012 in
1339 946 1529 1023 primo
1562 945 1711 1004 libro
1740 945 1813 1004 de
1844 966 1941 1004 na-

255 1029 387 1081 tura
413 1023 670 1095 deorum,
694 1024 756 1096 in
785 1024 1038 1090 secundo
1063 1031 1263 1086 autem
1286 1025 1411 1084 vult
1438 1025 1675 1103 Orphei,
1698 1025 1938 1098 Musaei,

255 1102 505 1182 Hesiodi
553 1103 912 1182 Homerique
959 1103 1199 1163 fabellas
1248 1105 1681 1168 accommodare
1730 1106 1806 1163 ad
1853 1126 1937 1178 ea,

257 1201 404 1260 quae
443 1183 568 1261 ipse
606 1183 796 1261 primo
837 1183 984 1242 libro
1018 1185 1091 1248 de
1125 1184 1215 1242 dis
1255 1185 1677 1244 immortalibus
1710 1186 1937 1258 dixerit,

255 1270 325 1322 ut
351 1263 524 1322 eti-am
548 1264 835 1326 veterrimi
863 1271 1090 1340 poetae,
1118 1265 1217 1342 qui
1244 1262 1487 1324 haecne
1514 1265 1787 1343 suspicati
1820 1266 1942 1343 qui-

256 1343 389 1402 dem
423 1350 574 1416 sunt,
606 1342 790 1405 Stoici
819 1341 1000 1402 fuisse
1029 1345 1343 1404 videantur.
1430 1345 1617 1414 Quem
1644 1345 1941 1421 Diogenes

255 1421 616 1500 Babylonius
659 1441 1013 1501 consequens
1056 1424 1119 1482 in
1161 1443 1231 1483 eo
1272 1424 1437 1498 libre,
1469 1426 1570 1503 qui
1610 1425 1941 1488 inscribitur

255 1502 328 1561 de
357 1503 628 1576 Minerva,
649 1511 879 1581 partum
911 1502 1066 1562 Iovis
1099 1510 1407 1582 ortumque
1428 1505 1667 1582 virginis
1694 1506 1768 1563 ad
1795 1505 1939 1583 phy-

255 1583 555 1660 siologiam
585 1583 889 1645 traducens
917 1583 1170 1660 diiungit
1196 1604 1233 1642 a
1257 1584 1469 1652 fabula.

336 1663 502 1724 XVI.
587 1667 680 1721 42.
719 1662 976 1740 Exposui
997 1664 1121 1722 fere
1146 1683 1265 1726 non
1285 1664 1941 1741 philosophorumiudi-

255 1744 361 1817 cia,
391 1742 492 1803 sed
529 1743 895 1803 delirantium
939 1744 1179 1816 somnia.
1264 1743 1319 1803 N
1324 1764 1389 1806 ec
1420 1745 1575 1803 enim
1617 1745 1805 1805 multo
1844 1745 1940 1804 ab·

257 1825 515 1884 surdiora
555 1830 692 1884 sunt
732 1838 815 1895 ea,
847 1843 992 1901 quae
1024 1831 1332 1901 poetarum
1364 1825 1603 1884 vocibus
1642 1826 1775 1885 fusa
1812 1827 1940 1903 ipsa

256 1906 536 1964 suavitate
576 1912 912 1977 nocuerunt,
945 1905 1046 1981 qui
1086 1912 1149 1963 et
1182 1905 1269 1963 ira
1299 1904 1688 1975 inflammatos
1723 1913 1782 1965 et
1814 1906 1939 1964 libi·-

257 1985 392 2043 dine
411 1985 668 2045 furentes
694 1984 1048 2043 induxerunt
1074 1984 1231 2057 deos,
1254 1985 1630 2062 feceruntque
1650 1992 1716 2043 ut
1739 2006 1939 2046 eorum

255 2064 420 2137 bella,
451 2065 685 2144 proelia,
716 2083 959 2143 pugnas,
983 2064 1219 2123 vulnera
1244 2065 1584 2137 videre-mus,
1616 2065 1751 2123 odia
1781 2085 1940 2144 prae-

257 2152 426 2217 terea,
463 2145 722 2217 discidia,
758 2144 1090 2216 discordiae,
1128 2153 1306 2217 ortuS,
1341 2145 1625 2217 interituS‚
1662 2145 1935 2223 querelaS,

257 2225 710 2297 lamentationem,
745 2224 955 2301 effusas
1004 2225 1066 2282 in
1117 2225 1278 2282 omni
1325 2224 1768 2302 intemperantia
1814 2225 1940 2284 libi-

256 2305 438 2376 dineS,
474 2304 768 2376 adulteria,
799 2304 1043 2376 vincula,
1080 2324 1219 2365 cum·
1255 2304 1511 2367 humano
1552 2324 1765 2381 genere
1806 2324 1940 2366 con·
1977 2332 1983 2337 ·

258 2384 486 2443 cubitus
526 2383 908 2463 mortalesque
949 2404 1020 2443 ex
1060 2384 1375 2444 immortali
1412 2393 1755 2473 procreatos.
1840 2390 1935 2445 43.

258 2464 410 2522 Cum
450 2470 754 2541 poetarum
796 2471 990 2523 autem
1031 2480 1237 2524 errore·
1260 2464 1606 2542 coniungere
1644 2465 1779 2523 lieet
1811 2483 1941 2541 por-

257 2550 421 2606 tenta
459 2562 762 2622 magorum
801 2538 1343 2622 Aegyptiorumque
1385 2545 1446 2602 in
1486 2544 1690 2603 eodem
1731 2563 1939 2622 genere

259 2624 628 2697 dementiam,
648 2632 775 2683 tum
797 2625 967 2683 etiam
993 2624 1151 2702 vulgi
1172 2624 1491 2701 opinioneS,
1514 2644 1659 2701 quae
1682 2624 1740 2681 in
1762 2623 1941 2682 maxi-

259 2724 357 2762 ma
381 2705 768 2768 inconstantia
794 2705 1050 2764 veritatis
1071 2704 1433 2781 ignoratione
1461 2710 1770 2762 versantur.
1854 2703 1942 2760 Ea

262 2784 360 2861 qui
394 2784 716 2844 consi-deret
749 2803 921 2861 quam
954 2784 1277 2843 inconsulte
1309 2803 1375 2843 ae
1408 2791 1622 2843 temere
1654 2783 1937 2854 dicantur,

259 2864 515 2923 venerari
542 2863 858 2941 Epicurum
891 2871 950 2923 et
982 2864 1042 2921 in
1069 2882 1270 2921 eorum
1298 2864 1557 2939 ipsorum
1585 2882 1843 2933 numero,
1866 2862 1941 2919 de

261 2944 471 3022 quibus
491 2944 631 3003 haec
647 2942 915 3022 ,quaestio
935 2950 1038 3014 est,
1057 2940 1267 3003 habere
1288 2942 1509 3003 debeat.
1594 2942 1764 3001 Solus
1785 2942 1941 3000 enim

261 3024 408 3087 vidit
434 3024 688 3102 primum
717 3042 838 3083 esse
863 3022 1021 3094 deos»,
1051 3022 1209 3100 quod
1236 3022 1297 3080 in
1326 3023 1586 3082 omnium
1610 3022 1823 3080 animis
1850 3040 1943 3082 eo·

261 3122 392 3164 rum
431 3104 730 3163 notionem
771 3102 1161 3179 impressisset-
1191 3103 1319 3180 ipsa
1356 3110 1575 3161 natura.
1661 3102 1821 3171 Quae
1854 3108 1943 3159 est

263 3184 418 3243 enim
451 3202 594 3257 gens
625 3188 726 3241 aut
757 3182 916 3259 quod
947 3200 1131 3259 genu-s
1165 3181 1468 3241 homiuum
1504 3181 1662 3259 quod
1695 3200 1813 3243 non
1848 3180 1941 3239 ha-

483 3334 514 3363 0
