2199 3546
251 175 343 224 118
694 173 794 221 DE
827 173 1129 223 NATURA
1160 173 1480 223 DEORUM.

245 275 376 346 mal,
414 273 634 331 nullum
679 280 766 332 est
806 273 1018 331 animal
1063 275 1493 350 sempiternum.
1579 271 1749 332 XIII.
1837 280 1929 332 32.

246 355 338 426 Et,
363 362 430 411 ut
456 353 596 410 haec
628 353 981 424 omittamuS,
1005 361 1200 410 tamen
1230 353 1440 410 animal
1468 353 1692 410 nullum
1720 354 1934 410 inveni-

246 435 292 491 ri
321 440 529 510 potest,
557 433 714 510 quod
741 453 928 510 neque
962 441 1163 491 natum
1201 452 1473 510 umquam
1510 434 1585 490 sit
1619 441 1677 490 et
1709 453 1936 510 semper

245 514 319 570 sit
341 514 619 571 futurum.
691 513 879 570 Omne
909 514 1063 570 enim
1085 513 1297 570 animal
1320 532 1517 570 sensus
1539 513 1726 571 habet.
1798 513 1934 570 Sen-

244 593 318 650 tit
343 593 524 670 igitur
556 600 615 650 et
647 593 832 650 calida
865 600 923 650 et
955 592 1173 669 frigida
1204 600 1263 650 et
1290 593 1481 650 dulcia
1512 600 1571 650 et
1604 611 1795 650 amara
1828 613 1932 651 1188

243 679 436 750 potest
475 671 593 730 ullo
636 691 803 729 8811811
837 672 1088 730 iucunda
1128 673 1383 749 accipere
1424 679 1485 730 et
1523 692 1639 730 non
1678 673 1933 750 accipere

244 752 541 810 contraria.
627 751 686 810 Si
717 753 894 829 igitur
921 752 1235 830 voluptatis
1264 771 1492 810 sensum
1522 753 1693 828 capit,
1719 752 1934 810 doloris

243 833 418 889 etiam
460 833 630 908 capit.
715 831 888 901 Quod
921 838 1113 889 autem
1150 831 1405 890 dolorem
1440 832 1667 909 accipit,
1697 832 1760 890 id
1793 833 1935 890 8881-

243 912 367 988 piat
400 912 574 968 etiam
607 912 906 969 interitum
939 931 1167 970 11888888
1201 919 1302 970 8813.
1388 911 1577 970 0111118
1605 912 1784 987 igitur
1816 912 1935 969 ani-

245 991 357 1048 mal
399 991 790 1048 confitendum
832 999 919 1048 est
960 1011 1080 1049 esse
1123 991 1377 1049 mortale.
1464 998 1557 1050 33.
1612 992 1930 1064 Praeterea,

243 1071 293 1126 si
337 1071 477 1148 quid
515 1077 601 1128 est
640 1070 796 1147 quod
830 1091 933 1128 1188
975 1072 1331 1148 voluptatem
1377 1072 1586 1130 sentiat
1627 1091 1732 1130 nec
1775 1072 1935 1129 dolo-

244 1169 380 1219 rem,
404 1151 467 1207 id
495 1151 705 1207 animal
733 1170 854 1208 esse
884 1171 1000 1208 non
1022 1159 1249 1228 potest:
1294 1152 1379 1208 8111
1405 1159 1615 1224 811138111,
1638 1152 1795 1230 quod
1816 1152 1934 1208 ani-

243 1229 358 1286 mal
387 1236 493 1309 est,
514 1229 577 1288 id
597 1230 694 1287 illa
721 1249 947 1288 11888888
976 1240 1062 1288 8813
1091 1232 1316 1301 sentiat,
1341 1239 1399 1288 et
1423 1232 1580 1309 quod
1607 1251 1672 1290 ea
1702 1233 1930 1304 sentiat,

229 1329 360 1367 ·non
402 1317 597 1387 potest
637 1329 758 1368 esse
799 1318 1113 1382 aeternum,
1153 1318 1211 1368 et
1253 1331 1424 1369 omne
1464 1312 1678 1369 animal
1721 1311 1929 1376 sentit:

243 1390 465 1448 nullum
498 1385 678 1468 igitur
709 1391 920 1447 animal
957 1397 1252 1448 aeternum
1286 1400 1389 1448 est.
1474 1392 1777 1449 Praeterea
1808 1391 1933 1449 nul-

244 1470 360 1527 lum
384 1477 578 1547 potest
605 1489 726 1528 esse
755 1471 963 1528 animal
989 1471 1046 1527 in
1079 1491 1193 1547 quo
1224 1489 1339 1526 non
1369 1478 1428 1528 et
1455 1473 1738 1549 appetitio
1768 1471 1844 1528 sit
1872 1478 1931 1528 et

243 1550 550 1608 declinatio
578 1550 866 1608 naturalis·
937 1550 1315 1626 Appetuutur
1340 1559 1531 1608 antem
1564 1571 1707 1628 quae
1738 1570 1934 1608 8801111-

244 1630 384 1688 (111111
427 1638 689 1687 naturam
733 1638 883 1699 sunt,
920 1630 1280 1687 declinantur
1320 1630 1619 1701 contraria,
1657 1639 1717 1689 et
1759 1651 1933 1688 omne

244 1709 452 1766 animal
475 1710 698 1787 appetit
721 1709 996 1787 quaedam
1023 1717 1080 1766 et
1102 1710 1259 1787 fugit
1281 1729 1313 1767 a
1334 1710 1693 1788 quibusdam.
1759 1709 1934 1780 Quod

243 1797 436 1847 autem
464 1791 695 1867 refugit,
716 1790 777 1847 id
799 1799 998 1847 eontra
1020 1798 1284 1848 naturam
1308 1798 1410 1862 est,
1433 1798 1491 1848 et
1514 1792 1671 1869 quod
1692 1799 1779 1851 est
1800 1812 1933 1850 8011-

243 1878 334 1927 1318
369 1877 650 1941 naturam,
682 1870 743 1927 id
777 1870 948 1927 habet
981 1871 1095 1927 vim
1126 1871 1534 1935 interimendi:
1580 1891 1751 1929 omne
1793 1891 1931 1949 ergo

245 1950 454 2008 animal
478 1951 719 2008 intereat
747 1969 973 2011 11888888
994 1958 1095 2007 8813.
1177 1956 1269 2008 34.
1308 1950 1757 2009 Innumerabilia
1778 1960 1929 2023 sunt,

245 2050 314 2088 cx
359 2031 566 2107 quibus
599 2029 747 2087 effiei
779 2030 1022 2107 cogique
1055 2030 1239 2107 possit
1274 2030 1418 2087 nihil
1456 2049 1577 2089 esse
1620 2032 1778 2109 quod
1811 2052 1935 2089 sen·

247 2130 373 2167 sum
415 2110 622 2167 habeat
665 2111 800 2187 quin
837 2110 898 2167 id
930 2111 1206 2167 intereat:
1252 2111 1466 2168 etenim
1509 2131 1577 2169 ea
1614 2112 1755 2188 ipsa,
1787 2132 1934 2190 quae

245 2190 587 2261 sentiuntur,
616 2198 682 2246 ut
714 2190 913 2266 friguS,
945 2190 1113 2260 88101,
1139 2197 1205 2248 1113
1238 2190 1518 2267 voluptaS,
1543 2192 1724 2264 dolor,
1750 2199 1815 2249 ut
1848 2212 1935 2250 ce-

228 2272 381 2339 tera,
406 2288 537 2326 oum
559 2269 903 2346 amplificata
931 2277 1079 2340 sunt,
1106 2270 1462 2343 interimunt,
1487 2290 1591 2329 1188
1614 2272 1793 2330 ullum
1816 2273 1933 2330 ani·

246 2349 363 2405 mal.
395 2355 481 2405 est
513 2348 635 2405 sine
669 2366 869 2405 sensu:
913 2348 1137 2406 nullum
1170 2351 1351 2427 igitur
1384 2352 1595 2409 animal
1636 2360 1932 2410 aeternum

142 2426 146 2430 ⁴
247 2435 347 2486 est.
433 2427 598 2486 XIV.
643 2428 876 2485 Etenim
909 2435 1010 2485 aut
1043 2430 1287 2507 simplex
1322 2439 1409 2489 est
1442 2440 1645 2489 natura
1680 2433 1935 2489 animan-

245 2509 338 2578 tis,
368 2516 434 2565 ut
469 2507 556 2565 vel
587 2515 816 2566 terrena
839 2508 915 2565 sit
942 2509 1032 2567 vel
1060 2510 1232 2587 ignea
1259 2512 1347 2569 vel
1376 2512 1640 2569 animalis
1673 2512 1761 2569 vel
1790 2513 1936 2570 umi-

247 2588 336 2658 da,
360 2588 516 2665 quod
539 2587 703 2664 quale
725 2588 800 2644 sit
819 2607 894 2645 ne
916 2588 1174 2667 intellegi
1196 2592 1429 2669 quidem
1452 2599 1661 2669 potest,
1682 2600 1783 2651 aut
1803 2612 1937 2651 con-

246 2674 465 2725 cretum
487 2675 574 2725 8813
595 2688 664 2725 ex
685 2666 946 2743 pluribus
966 2671 1201 2739 1181311118,
1224 2691 1462 2747 quarum
1484 2692 1651 2730 suum
1676 2692 1935 2750 quaeque

245 2748 436 2805 locum
471 2747 694 2818 habeat,
727 2767 842 2824 quo
884 2755 1121 2807 naturae
1154 2751 1211 2807 vi
1245 2751 1475 2819 feratur,
1504 2752 1617 2811 alia
1647 2752 1931 2823 infimum,

246 2827 356 2884 alia
383 2846 691 2898 summum,
716 2827 826 2883 alia
853 2828 1129 2885 medium.
1199 2829 1359 2886 Haeo
1381 2831 1455 2887 ad
1478 2833 1766 2907 quoddam
1790 2839 1936 2890 tem-

246 2926 355 2984 pus
375 2907 674 2965 cohaerere
695 2912 953 2984 possunt,
975 2925 1201 2984 semper
1220 2915 1410 2965 autem
1431 2910 1589 2968 nullo
1610 2913 1785 2970 modo
1805 2930 1936 2990 pos-

247 2994 412 3044 sunt:
451 3006 674 3045 necesse
703 2991 790 3043 est
811 2985 966 3041 enim
993 2985 1054 3042 in
1084 3005 1249 3043 suum
1274 3006 1531 3064 quaeque
1560 2989 1749 3047 locum
1771 3000 1937 3050 natu-

245 3086 310 3124 ra
333 3068 602 3143 rapiatur.
679 3064 917 3123 Nullum
946 3064 1126 3139 igitur
1153 3066 1363 3122 animal
1392 3077 1479 3123 est
1500 3069 1931 3144 sempiternum.

329 3153 422 3203 35.
467 3146 583 3203 Sed
604 3144 800 3203 omnia
826 3144 1015 3214 vestri,
1035 3142 1234 3216 Balbe,
1254 3145 1440 3203 solent
1460 3146 1534 3203 ad
1556 3148 1785 3223 igneam
1812 3150 1937 3207 vim

246 3225 473 3295 referre,
506 3223 881 3294 Hera-clitum,
919 3229 984 3281 ut
1027 3224 1249 3301 opinor,
1281 3233 1599 3304 sequentes„
1630 3246 1805 3305 quem
1850 3230 1936 3309 ip·
