2199 3546
30 1827 56 1891 “··.

211 101 276 150 48
657 95 759 146 DE
789 94 1089 146 NATURA
1124 93 1445 146 DEORUM.

209 197 503 260 explicatur.
576 193 778 242 Tertiae
811 192 926 241 huic
965 192 1313 255 disputationis
1352 194 1481 256 parti
1520 194 1761 244 subicitur
1791 203 1902 246 tan-

209 262 326 312 dem
348 259 576 323 ea,‘quae
596 255 745 307 istai'n
769 266 963 306 tantam
988 269 1150 306 rerum
1180 258 1488 307 molitionem
1511 259 1725 309 hominis
1748 277 1901 310 causa

210 327 398 376 factam⁴
418 341 525 373 esse
548 321 873 382 demonstrat,
896 323 1254 390 hominumque
1276 325 1551 372 commodis
1570 325 1776 376 mirifice
1793 342 1904 376 esse

209 408 242 440 a
263 392 357 440 deo
378 391 644 454 provisum,
665 389 716 437 id
739 389 870 452 quod
897 397 1133 451 quattuor
1154 391 1457 448 argumentis
1475 391 1545 447 fit,
1566 405 1774 452 quorum
1800 393 1902 455 pri-

210 471 348 506 mum
371 456 576 505 ductum
600 463 675 504 est
697 469 729 502 a
751 454 967 515 corporis
991 453 1198 501 humani
1221 463 1484 514 structura,
1505 455 1714 504 alterum
1738 473 1769 504 a
1791 455 1902 520 per-'-

210 520 503 570 fectionibus
521 521 694 580 animi,
713 520 914 568 tertium
932 519 996 567 ab
1013 519 1247 579 utilitate,
1265 534 1416 583 quam
1439 535 1515 572 res
1534 536 1645 568 cum
1664 522 1902 572 caelestes

209 596 316 636 tum
342 594 596 636 terrestres
625 584 908 634 homiuibus
934 583 1179 643 adferant,
1204 594 1434 647 quartum
1464 585 1675 648 denique
1701 587 1765 634 ab
1791 587 1903 635 illu-

210 652 402 714 strium,
419 652 594 715 quibus
609 650 660 698 di
674 648 1025 710 consuluerint,
1045 648 1300 698 hominum
1316 651 1571 712 exemplis,
1586 665 1692 713 cap.
1713 654 1897 714 33466,

211 717 240 777 ᾗ
269 719 482 768 83-167.
555 716 788 780 Denique
820 714 956 765 brevi
981 714 1293 778 peroratione
1325 715 1655 778 concluditur,
1680 731 1787 781 cap.
1812 719 1896 780 67,

293 909 339 968 Ι.
388 915 440 968 1.
477 908 638 978 Quae
671 927 803 966 cum
839 907 1015 966 Cotta
1047 907 1301 980 dixisset,
1320 913 1448 966 tum
1474 907 1764 968 Velleius:
1808 911 1902 970 Ne

211 1008 339 1066 eg0,
369 989 577 1067 inquit,
609 988 888 1060 incautuS‚
915 988 1016 1065 qui
1049 1007 1179 1045 cum
1215 988 1565 1046 Academico
1600 997 1659 1047 et
1692 992 1899 1049 eodem

211 1069 442 1128 rhetore
471 1067 745 1146 congredi
773 1075 1011 1127 conatus
1039 1069 1183 1126 sim!
1266 1068 1419 1126 Nam
1452 1088 1639 1146 neque
1666 1070 1903 1129 indiser-

210 1157 339 1208 tum
369 1149 786 1207 Academicum
818 1148 1242 1225 pertimuissem
1277 1167 1382 1206 nec
1416 1149 1539 1206 sine
1570 1149 1682 1207 ista
1712 1151 1902 1228 philo-

212 1229 420 1307 sophia
453 1228 739 1287 rhetorem
773 1229 1034 1306 quamvis
1075 1226 1475 1305 eloquentem:
1516 1247 1703 1307 neque
1744 1231 1900 1288 enim

211 1309 450 1367 flumine
491 1307 806 1366 conturbor
836 1308 1095 1366 inanium
1128 1307 1433 1365 verborum
1474 1327 1579 1366 nec
1622 1309 1902 1368 subtilita-

210 1397 270 1448 te
299 1390 728 1460 sententiarum,
749 1388 798 1445 si
827 1387 1103 1445 orationis
1130 1393 1218 1444 est
1246 1387 1483 1446 siccitas.
1569 1388 1657 1446 Tu
1686 1397 1898 1463 autem,

211 1469 403 1542 Cotta,
428 1475 670 1546 utraque
705 1487 767 1526 re
794 1467 1057 1536 valuisti:
1101 1485 1314 1525 corona
1338 1467 1448 1525 tibi
1476 1474 1535 1526 et
1562 1468 1779 1527 iudices
1806 1471 1902 1528 de*

211 1550 464 1608 fuerunt.
551 1548 668 1608 Sed
711 1547 786 1605 ad
819 1547 932 1605 ista
969 1547 1142 1605 alias:
1185 1565 1338 1604 nunc
1372 1546 1673 1620 Lucilium,
1705 1550 1753 1606 si
1787 1550 1899 1625 ipsi

212 1628 586 1688 commodum
621 1635 725 1699 est,
747 1627 1062 1685 audiamus,
1150 1633 1203 1685 2.
1240 1626 1392 1685 Tum
1424 1627 1675 1687 Balbus:
1750 1630 1901 1688 Eun-

213 1710 346 1790 dem
381 1707 651 1788 equidem
687 1707 917 1765 mallem
953 1707 1149 1764 audire
1183 1707 1433 1780 Cottam,
1458 1707 1615 1781 dum,
1641 1728 1755 1787 qua
1786 1708 1900 1767 elo-

213 1790 448 1867 quentia
496 1788 672 1847 falsos
720 1788 860 1846 deos
909 1787 1157 1859 sustulit,
1193 1787 1393 1845 eadem
1436 1808 1601 1845 veros
1643 1790 1895 1850 inducat.

211 1870 317 1931 Est
361 1870 516 1928 enim
561 1876 620 1927 et
664 1867 998 1946 philosophi
1043 1874 1103 1925 et
1146 1866 1437 1945 pontificis
1475 1875 1535 1925 et
1575 1867 1781 1927 Cottae
1825 1869 1899 1927 de

211 1949 301 2007 dis
337 1948 758 2007 immortalibus
791 1947 1000 2005 habere
1032 1966 1152 2004 non
1186 1954 1464 2005 errantem
1502 1954 1559 2005 et
1586 1968 1808 2026 vagam,
1829 1956 1899 2007 ut

210 2029 563 2101 Academici,
581 2029 698 2102 sed,
719 2035 786 2086 ut
808 2028 1007 2098 nostri,
1029 2025 1290 2084 stabilem
1321 2034 1647 2105 certamque
1676 2037 1900 2087 senten-

210 2110 369 2169 tiam.
454 2108 604 2166 Nam
636 2115 838 2167 contra
857 2108 1171 2184 Epicurum
1204 2108 1340 2163 satis
1369 2127 1649 2186 superque
1677 2108 1896 2167 dictum

211 2196 314 2247 cst.
399 2187 516 2248 Sed
547 2188 728 2247 haveo
771 2187 968 2245 audire
1003 2194 1069 2244 tu
1102 2186 1242 2263 ipse,
1272 2186 1462 2258 Cotta,
1494 2187 1634 2264 quid
1667 2187 1895 2247 sentias,

212 2269 327 2341 An,
362 2269 568 2346 inquit,
606 2267 820 2326 oblitus
869 2286 930 2332 es
976 2265 1119 2343 quid
1162 2266 1331 2323 initio
1376 2266 1635 2339 dixerim,
1671 2267 1899 2326 facilius

213 2368 322 2420 me,
353 2347 563 2407 talibus
595 2346 930 2426 praesertim
967 2345 1041 2403 de
1073 2344 1259 2417 rebuS,
1292 2346 1431 2420 quid
1464 2366 1581 2403 non
1624 2347 1896 2405 sentirem

213 2447 386 2505 quam
429 2428 570 2505 quid
604 2428 870 2485 sentirem
907 2444 1075 2503 posse
1118 2425 1337 2483 dicere?
1418 2432 1471 2484 3.
1517 2424 1688 2495 Quod
1721 2428 1769 2484 si
1801 2426 1900 2485 ha·-

212 2506 406 2565 berem
438 2506 657 2584 aliquid
686 2505 843 2583 quod
870 2506 1131 2583 liqueret,
1154 2512 1347 2562 tamen
1375 2511 1434 2563 te
1462 2505 1713 2563 vicissim
1740 2506 1901 2564 audi-

212 2606 273 2643 re
300 2586 520 2658 vellem,
545 2605 677 2643 cum
706 2586 828 2664 ipse
857 2593 976 2643 tam
1004 2585 1190 2643 multa
1217 2585 1503 2643 dixissem.
1588 2585 1739 2645 Tum
1766 2585 1901 2643 Bal-

212 2664 352 2723 bus:
395 2665 606 2723 Greram
638 2663 747 2722 tibi
780 2684 1001 2723 morem
1043 2672 1103 2723 et
1143 2684 1307 2742 agam
1354 2684 1526 2742 quam
1566 2665 1931 2723 brevissime·

211 2753 450 2822 potero:
495 2743 709 2803 etenim
736 2745 1016 2803 convictis
1042 2744 1279 2821 Epicuri
1308 2744 1593 2802 erroribus
1620 2745 1795 2822 longa
1824 2744 1900 2802 de

212 2844 343 2883 mea
369 2824 759 2902 disputatione
787 2824 1042 2883 detracta
1068 2825 1253 2881 oratio
1286 2830 1388 2882 est.
1473 2824 1729 2883 Omnino
1757 2824 1902 2881 divi-

213 2904 364 2962 dunt
394 2903 580 2963 nostri
610 2909 795 2962 totam
829 2903 1000 2962 istam
1040 2903 1115 2961 de
1154 2904 1246 2961 dis
1278 2903 1702 2963 immortalibus
1734 2921 1903 2981 quae-

214 2984 461 3042 stionem
505 2984 567 3041 in
609 2990 800 3061 partes
843 2990 1131 3062 quattuor.
1214 2982 1477 3042 Primum
1522 2985 1734 3042 docent
1778 3002 1901 3042 esse

215 3064 371 3132 dem,
408 3062 616 3121 deinde
658 3063 852 3141 quales
899 3063 1033 3135 sint,
1068 3069 1196 3121 tum
1242 3064 1526 3121 mundum
1567 3064 1639 3122 ab
1681 3064 1755 3122 iis
1804 3064 1903 3121 ad·

215 3143 543 3215 ministrari,
578 3150 867 3219 postremo
917 3142 1209 3201 consulere
1259 3163 1357 3202 eos
1400 3144 1569 3202 rebus
1610 3144 1897 3202 humanis.
