2199 3546
225 152 318 201 136
665 149 770 200 DE
801 148 1107 203 NATURA
1120 147 1459 203 DEORUM.
1534 160 1543 165 ·

219 258 280 309 at
305 250 697 329 Apollodorus
724 270 942 328 poenas
969 250 1216 311 sustulit.
1285 250 1485 309 Multis
1514 250 1761 328 quidem·
1776 259 1911 313 ante

217 332 484 391 cruciatis
517 338 576 389 et
611 332 868 389 necatis..
927 330 1004 389 Et
1029 330 1350 407 praedones
1378 330 1551 389 multi
1580 350 1749 409 saepe
1775 352 1909 409 poe-

217 412 506 482 nas-dant,
528 430 632 469 nec
661 417 855 470 tamen
878 410 1394 487 possumusdicere
1422 430 1541 469 non
1562 411 1753 488 plures
1780 431 1911 491 cap-

217 492 368 548 tivos
395 490 595 548 acerbe
625 510 797 567 quam
825 490 1144 567 praedones
1175 496 1422 553 necatos.
1500 490 1907 552 Anaxarchum

215 570 640 633 Democritium
671 590 706 627 a
732 569 1231 647 Cypriotyranno
1263 568 1725 628 excarnificatum
1755 591 1909 631 acce-

215 650 424 726 pimuS,
448 650 738 707 Zenonem
767 648 938 707 Eleae
967 650 1026 706 in
1056 648 1361 707 tormentis
1388 656 1672 708 necatum.
1750 650 1906 718 Quid

214 730 403 789 dicam
431 730 504 788 de
533 729 783 800 Socrate,
803 730 967 787 cuius
991 730 1170 787 morti
1190 728 1514 789 illacrimari
1534 729 1693 789 soleo
1713 730 1907 789 Plato-

214 829 348 867 nem
369 810 600 887 legens?
649 809 905 868 Videsne
927 809 1107 887 igitur
1125 808 1363 869 deorum
1387 808 1619 880 iudicio,
1636 809 1686 867 si
1708 809 1907 871 vident

212 910 301 947 res
318 888 614 961 humanae,
631 888 936 947 discrimen
955 908 1079 949 esse⁴
1093 888 1417 947 sublatum?
1469 888 1759 948 XXXIV.
1807 895 1900 949 83.

211 968 506 1046 Diogenes
539 969 774 1046 quidem
807 967 1062 1045 Cynicus
1094 967 1283 1027 dicere
1314 966 1535 1027 solebat
1561 968 1901 1047 Harpalum,

213 1049 312 1126 qui
354 1045 714 1126 temporibus
753 1047 866 1105 illis
905 1047 1121 1125 praedo
1163 1047 1303 1105 felix
1334 1046 1677 1119 habebatur,
1700 1054 1903 1109 contra

212 1128 352 1185 deos
392 1128 792 1186 testimonium
832 1127 1042 1199 dicere,
1065 1126 1221 1205 quod
1260 1128 1322 1185 in
1362 1127 1461 1187 illa
1500 1128 1739 1188 fortuna
1776 1136 1899 1186 tam

212 1208 314 1266 diu
335 1208 564 1265 viveret.
632 1206 967 1283 Dionysiae,
989 1208 1202 1284 dequo
1226 1215 1361 1265 ante
1382 1207 1520 1279 dixi,
1540 1227 1672 1267 cum
1694 1208 1901 1267 fanum

211 1286 590 1363 Proserpinae
610 1286 807 1345 Locris
828 1287 1207 1364 expilavisset,
1226 1287 1535 1365 navigabat
1554 1286 1897 1363 Syracusas:

210 1368 374 1443 isque
394 1386 525 1425 cum
549 1366 962 1426 secundissimo
981 1374 1153 1427 vento
1175 1386 1405 1426 cursum
1421 1373 1657 1438 teneret,
1674 1367 1897 1427 ridens:

210 1446 533 1518 Videtisne,
551 1447 758 1523 inquit,
779 1446 970 1519 amici,
994 1464 1169 1524 quam
1196 1446 1351 1505 bona
1380 1464 1417 1505 a
1446 1446 1537 1504 dis
1563 1446 1901 1507 immortali-

211 1526 320 1584 bus
347 1526 637 1603 navigatio
665 1526 954 1603 sacrilegis
987 1527 1193 1585 detur?
1276 1524 1457 1604 quue
1484 1526 1662 1586 homo
1696 1533 1899 1585 acutus

211 1625 342 1664 cum
383 1605 530 1666 bene
563 1606 845 1683 planeque
877 1606 1241 1684 percepisset,
1266 1608 1325 1665 in
1369 1604 1568 1665 eadem
1612 1607 1899 1667 sententia

210 1685 638 1763 perseverabat:
682 1686 782 1763 qui
803 1704 934 1744 cum
955 1684 1032 1744 ad
1051 1685 1520 1764 Peloponnesum
1543 1685 1777 1746 classem
1794 1696 1901 1763 'ap-

209 1762 452 1844 pulisset
478 1772 538 1824 et
568 1766 630 1824 in
657 1765 864 1824 fanum
889 1766 1139 1826 venisset
1171 1764 1326 1827 Iovis
1358 1762 1635 1844 Olympii,
1660 1786 1915 1832 aureum,

210 1847 266 1904 ei
291 1846 540 1905 detraxit
565 1845 876 1904 amiculum
903 1846 1110 1922 grandi
1136 1845 1407 1923 pondere,
1432 1865 1548 1924 quo
1576 1846 1772 1905 Iovem
1810 1866 1897 1908 or-

209 1933 374 1984 narat
413 1946 446 1984 e
487 1926 774 1984 manubiis
805 1925 1379 2003 Karthaginiensium
1410 1932 1691 2003 tyrannus
1728 1925 1892 1998 Gelo,

209 2012 382 2083 atque
421 2007 482 2064 in
525 2025 595 2064 eo
637 2006 812 2064 etiam
853 2005 1147 2064 cavillatus
1188 2013 1276 2066 est
1306 2012 1521 2065 aestate
1560 2025 1733 2082 grave
1774 2025 1899 2066 esse

209 2091 443 2143 aureum
465 2085 792 2156 amiculum,
812 2084 1001 2144 hieme
1022 2085 1321 2162 frigidum,
1340 2086 1507 2163 eique
1527 2085 1755 2146 laneum
1778 2085 1897 2162 pai-

207 2165 352 2224 lium
379 2165 594 2237 iniecit,
613 2185 746 2223 cum
773 2165 837 2223 id
865 2184 986 2224 esse
1007 2160 1266 2243 [aptum]
1286 2165 1363 2223 ad
1389 2184 1561 2224 omne
1586 2165 1725 2224 anni
1752 2172 1897 2224 tem-

207 2264 318 2322 pus
359 2245 588 2303 diceret.
673 2244 949 2322 Idemque
982 2245 1313 2322 Aesculapii
1346 2245 1625 2323 Epidauri
1655 2245 1895 2304 barbam

207 2343 436 2382 auream
459 2324 614 2382 demi
635 2324 834 2382 iussit:
870 2343 1054 2402 neque
1081 2325 1238 2384 enim
1266 2325 1569 2384 convenire
1589 2324 1893 2384 barbatum

208 2423 329 2462 esse
345 2403 546 2475 filium,
561 2423 694 2461 cum
715 2404 774 2460 in
799 2404 1066 2463 omnibus
1082 2405 1235 2464 fanis
1253 2412 1417 2482 pater
1429 2403 1705 2464 imberbis
1726 2410 1889 2464 esset.

211 2488 303 2543 84.
336 2482 502 2541 Idem
527 2501 751 2541 mensas
778 2490 1075 2560 argenteas
1107 2485 1181 2542 de
1208 2485 1477 2544 omnibus
1505 2484 1755 2543 delubris
1781 2485 1895 2543 ius-

208 2564 285 2622 sit
316 2563 544 2634 auferri,
569 2563 630 2620 in
666 2562 872 2640 quibus
907 2564 1064 2641 quod
1089 2583 1251 2624 more
1280 2564 1487 2622 veteris
1510 2563 1781 2624 Graeciae
1808 2564 1893 2623 in-

207 2643 482 2722 scriptum
514 2647 662 2700 esset
690 2661 984 2702 nononuu
1013 2663 1287 2714 unorum,
1306 2644 1394 2702 uti
1416 2663 1475 2702 se
1503 2663 1703 2702 eornm
1730 2642 1895 2703 boni-

206 2729 326 2782 tate
343 2722 486 2780 velle
508 2722 749 2783 dicebat.
823 2722 986 2781 Idem
1003 2723 1353 2782 Victoriolas
1372 2742 1570 2782 aureas
1591 2730 1649 2782 et
1666 2729 1893 2801 pateras

208 2809 266 2860 et
287 2821 542 2874 coronas,
564 2821 708 2880 quae
729 2803 1163 2861 simulacrorum
1226 2803 1461 2862 orrectis
1480 2802 1747 2862 manibus
1772 2821 1891 2860 sus-

207 2882 552 2955 tinebantur,
573 2883 695 2940 sine
724 2882 1083 2940 dubitatione
1112 2890 1175 2941 to
1218 2882 1353 2942 ebat
1379 2901 1558 2960 eaque
1586 2901 1646 2941 se
1672 2883 1892 2960 accipe·

206 2981 283 3033 re,
304 2981 423 3019 non
457 2963 678 3020 auferre
711 2961 970 3020 dicebat:
1015 2981 1137 3020 esse
1170 2963 1325 3020 enim
1360 2960 1683 3035 stultitiam,
1706 2981 1741 3020 a
1768 2961 1893 3040 qni-

205 3041 314 3099 bus
333 3041 488 3099 bona
507 3059 880 3117 precaremur,
901 3041 974 3098 ab
993 3041 1064 3098 iis
1084 3041 1511 3118 porrigentibus
1538 3048 1599 3100 et
1618 3041 1894 3101 dantibus

205 3120 359 3179 nolle
400 3140 638 3180 sumere.
722 3120 1103 3197 Eundemque
1140 3121 1337 3180 ferunt
1376 3122 1534 3194 haec,
1564 3141 1710 3200 quae
1750 3121 1889 3194 dixi,

208 3199 429 3259 sublata
450 3202 522 3260 de
544 3202 696 3260 fanis
717 3201 776 3259 in
799 3201 992 3259 forum
1014 3201 1321 3276 protulisse
1349 3209 1409 3262 et
1426 3221 1532 3280 per
1548 3221 1895 3281 praeconem
