2199 3546
234 144 328 193 172
750 142 852 229 PE
885 144 1387 195 DIVINATIONE.

230 245 479 303 maxime
508 245 714 323 vigere,
739 246 1212 325 cumplurimum
1242 246 1392 305 absit
1418 266 1455 305 a
1480 248 1733 327 corpore.
1820 248 1913 307 71.

231 325 433 403 Itaque
462 327 738 404 expositis
766 328 1042 404 exemplis
1071 348 1330 385 verarum
1362 328 1835 386 vaticinationum
1858 336 1916 387 et

230 407 586 464 somniorum
615 406 924 487 Cratippus
954 408 1101 465 solet
1128 408 1409 465 rationem
1438 408 1777 467 concludere
1807 409 1917 467 hoc

229 487 440 544 modo:
487 486 603 545 “Si
637 488 759 545 sine
802 488 981 545 oculis
1015 507 1134 545 non
1168 496 1362 565 potest
1402 496 1621 546 exstare
1663 488 1914 548 officium

229 574 288 625 et
319 586 530 628 munus
563 568 877 639 oculorum,
913 575 1157 645 possunt
1190 576 1384 627 autem
1417 568 1727 647 aliquando
1764 569 1919 628 oculi

227 666 346 704 non
372 648 544 724 fungi
573 667 676 706 suo
703 667 956 720 munere,
983 648 1082 725 qui
1104 648 1191 706 vel
1214 649 1388 707 semel
1411 649 1495 707 ita
1514 658 1604 707 est
1625 668 1760 707 usus
1788 670 1921 708 oeu-

225 727 312 799 lis,
337 734 404 787 ut
437 748 569 786 vera
600 735 870 799 cerneret,
900 729 951 785 is
983 728 1159 787 habet
1192 748 1423 787 sensum
1456 729 1753 787 oculorum
1788 750 1921 788 vera

227 809 598 867 cernentium.
677 808 827 867 Item
848 809 1042 887 igitur,
1063 809 1113 866 si
1134 808 1258 867 sine
1279 810 1636 868 divinatione
1657 830 1775 868 non
1792 816 1919 887 pot-

227 896 315 945 est
343 888 595 946 officinm
625 896 683 947 et
709 908 920 947 munus
941 888 1314 947 divinationis
1342 898 1579 961 exstare,
1603 897 1798 967 potest
1824 910 1920 947 au.-

226 975 346 1026 tem
375 969 519 1045 quiS,
544 988 676 1027 cum
699 969 1113 1027 divinationem
1136 969 1360 1040 habeat,
1384 990 1569 1029 errare
1590 970 1915 1048 aliquand0,

225 1067 332 1106 nec
373 1068 504 1106 vera
543 1068 786 1120 cernere,
817 1050 955 1107 satis
989 1057 1077 1107 est
1108 1051 1183 1108 ad
1217 1050 1670 1109 confirmandam
1703 1051 1921 1109 divina-

226 1128 446 1188 tionem
476 1130 648 1187 semel
677 1128 897 1205 aliquid
925 1149 1045 1189 esse
1073 1131 1158 1188 ita
1184 1130 1527 1203 divinatum,
1544 1138 1613 1189 ιιι
1639 1131 1782 1189 nihil
1802 1132 1919 1189 for—

225 1208 400 1275 tuito'
423 1209 693 1267 cecidisse
739 1210 1014 1268 videatur.
1101 1210 1253 1269 Sunt
1286 1218 1483 1269 autem
1532 1212 1657 1269 eius
1694 1212 1920 1289 generis

226 1288 679 1362 innumerabilia,
711 1309 834 1348 esse
861 1290 1040 1373 igitur
1072 1290 1491 1351 divinationem
1524 1290 1918 1352 confitendum

229 1368 372 1425 est.’'

307 1449 598 1508 XXXIII.
677 1448 770 1510 ¹72.
809 1450 968 1519 Quae
997 1470 1131 1509 vero
1160 1458 1262 1508 aut
1289 1452 1617 1515 coniectura
1636 1452 1917 1530 explican-

226 1535 322 1587 tur
353 1537 455 1587 aut
487 1530 706 1588 eventis
739 1528 1143 1589 animadversa·
1164 1538 1224 1588 et
1251 1538 1453 1589 notata
1478 1539 1628 1602 sunt,
1652 1552 1721 1589 ea
1751 1550 1921 1609 gene-

227 1628 290 1666 ra
321 1610 636 1681 divinandi,
666 1616 734 1669 ut
767 1630 940 1687 supra
971 1610 1110 1681 dixi,
1135 1630 1252 1668 non
1286 1612 1583 1683 naturalia,
1614 1612 1720 1670 sed
1748 1610 1921 1670 artifi-

227 1690 382 1750 ciosa
409 1689 712 1749 dicunt-ur:
755 1691 816 1749 in
846 1710 961 1769 quo
991 1690 1337 1769 haruspices»,
1360 1712 1605 1769 augures
1636 1693 1921 1751 coniecto-

227 1789 429 1848 resque
463 1778 851 1831 numerantur.
935 1770 1096 1830 Haec
1132 1771 1535 1850 improbantur
1566 1793 1601 1830 a
1628 1772 1922 1852 Peripate-

227 1851 372 1922 ticiS,
393 1871 428 1908 a
448 1851 661 1910 Stoicis
682 1851 1088 1910 defenduntur.
1160 1851 1419 1922 Quorum
1442 1854 1556 1911 alia
1574 1861 1710 1911 sunt
1730 1854 1923 1932 posita

225 1931 288 1988 in
331 1931 723 1993 monumentis
764 1939 824 1990 et
855 1932 1175 2011 disciplina,
1214 1933 1370 2010 quod
1412 1933 1785 1992 Etruscorum
1827 1935 1922 1992 de-

227 2011 444 2070 clarant
497 2019 556 2070 et
606 2012 956 2089 haruspicini
1006 2020 1066 2070 et
1112 2012 1427 2090 fulgurales
1475 2021 1534 2072 et
1580 2014 1922 2072 tonitruales

227 2091 376 2163 libri,
413 2093 588 2150 vestri
637 2093 811 2150 etiam
853 2092 1168 2169 auguraleS,
1205 2093 1318 2152 alia
1364 2100 1558 2161 autem
1608 2093 1801 2152 subito
1850 2114 1923 2152 ex

227 2177 490 2249 tempore
530 2171 860 2230 coniectura
899 2173 1273 2250 explicantur,
1303 2180 1370 2231 ut
1407 2173 1564 2250 apud
1595 2173 1919 2232 Homerum

229 2250 487 2322 Calchas,
512 2252 612 2328 qui
640 2271 710 2310 ex
737 2271 1030 2329 passerum
1059 2272 1301 2312 numero
1324 2253 1716 2311 belliTroiani
1738 2273 1923 2312 annos

229 2338 538 2407 auguratus
573 2339 660 2390 est
692 2339 752 2388 et
786 2339 850 2390 ut
878 2332 938 2389 in
967 2331 1157 2390 Sullae
1186 2333 1464 2411 scriptum
1498 2333 1741 2391 historia
1766 2335 1923 2392 vide-

228 2431 374 2482 muS,
397 2411 554 2488 quod
581 2418 640 2468 te
669 2412 1024 2488 inspectante
1051 2412 1274 2470 factum
1303 2420 1407 2485 est,
1432 2421 1498 2471 ut
1525 2434 1657 2471 cum
1680 2413 1839 2472 Sulla
1858 2415 1920 2471 in

229 2511 366 2568 agro
391 2491 620 2549 Nolano
637 2491 964 2550 immolaret
980 2499 1113 2550 ante
1132 2494 1499 2570 praetorium,
1521 2493 1593 2551 ab
1613 2493 1811 2551 infima
1826 2513 1923 2552 ara

229 2571 422 2630 subito
456 2572 662 2649 anguis
694 2579 1027 2648 emergeret,
1051 2591 1185 2630 cum
1220 2573 1455 2650 quidem
1484 2573 1549 2631 O.
1582 2574 1922 2632 Postumius

229 2651 512 2729 haruspex
541 2659 728 2710 oraret
757 2652 935 2722 illum,
961 2660 1027 2711 ut
1059 2652 1121 2711 in
1150 2653 1579 2730 expeditionem
1608 2654 1919 2712 exercitum

229 2732 528 2790 educeret:
573 2733 634 2791 id
669 2751 800 2790 cum
835 2732 994 2790 Sulla
1025 2733 1275 2804 fecisset,
1307 2740 1434 2791 tum
1466 2741 1601 2792 ante
1636 2734 1919 2811 oppidum

231 2811 441 2870 Nolam
491 2812 898 2872 florentissima
939 2812 1290 2871 Samni-tium
1340 2821 1525 2872 castra
1566 2815 1736 2891 cepit.
1824 2813 1917 2872 73.

230 2892 404 2950 Facta
451 2893 780 2951 coniectura
823 2893 997 2952 etiam
1043 2893 1103 2951 in
1138 2892 1426 2970 Dionysio
1461 2900 1551 2952 est
1580 2894 1753 2972 paulo
1786 2900 1922 2953 ante

231 2992 402 3050 quam
446 2992 682 3050 regnare
724 2973 950 3050 coepit:
996 2973 1094 3051 qui
1137 2992 1269 3031 cum
1303 2992 1407 3050 per
1447 2993 1650 3050 agrum
1692 2973 1922 3032 Leonti-

229 3070 368 3110 num
411 3053 522 3111 iter
561 3053 780 3111 faciens
821 3073 1030 3130 equum
1067 3053 1192 3130 ipse
1234 3053 1559 3114 demisisset
1590 3055 1651 3112 in
1684 3053 1919 3126 flumen,

231 3132 558 3191 submersus
613 3152 794 3210 equus
843 3133 1211 3209 voraginibus
1258 3153 1377 3191 non
1428 3135 1681 3192 exstitit:
1748 3151 1918 3210 quem

230 3229 364 3270 cum
406 3213 656 3270 maxima
702 3213 1074 3272 contentione
1114 3232 1234 3272 non
1274 3214 1559 3292 potuisset
1606 3213 1921 3287 extrahere,
