2199 3546
497 145 638 197 Lm.
665 145 764 209 11.,
789 145 948 197 CAP.
977 145 1461 208 thv.-van.,
1489 144 1519 207 ἕ
1550 149 1790 198 133—139.
1896 151 1991 197 ‘245

306 252 439 307 136.
472 246 664 306 Multa
690 248 866 307 etiam
895 255 1030 307 sunt
1063 267 1098 306 a
1123 256 1183 307 te
1217 268 1287 308 ex
1312 249 1571 310 historiis
1596 250 1820 328 prolata
1847 270 1984 307 som·

305 328 417 399 nia,
440 328 642 387 matris
670 327 1009 399 Phalaridis,
1029 327 1172 406 Cyri
1200 330 1524 407 superioris,
1548 330 1747 387 matris
1774 330 1991 407 Diony-

305 408 394 480 sii,
409 408 598 467 Poeni
615 408 979 480 Hamilcaris,
997 408 1359 481 HannibaliS,
1377 410 1443 469 P.
1461 410 1627 468 Decii
1648 429 1661 469 :
1702 411 1993 488 pervulga-

304 494 432 546 tum
475 488 590 545 iam
625 486 769 547 illud
803 488 876 546 de
907 488 1183 565 praesule,
1214 488 1460 547 Gracchi
1500 491 1675 548 etiam
1708 498 1765 549 et
1800 510 1995 549 recens

305 567 587 626 Caeciliae
618 566 890 625 Baliarici
921 567 1072 626 filiae
1108 569 1413 627 somnium.
1498 569 1613 627 Sed
1641 570 1781 628 haec
1816 578 1995 628 exter-

305 666 382 705 na
417 647 494 705 ob
527 666 770 725 eamque
809 666 1037 705 causam
1071 648 1275 724 ignota
1306 649 1475 707 nobis
1506 658 1657 721 sunt,
1687 669 1805 707 11011
1840 650 1995 707 1111116

306 728 480 785 etiam
509 726 644 785 ficta
661 728 924 785 fortasse.
999 727 1143 796 Quis
1164 729 1319 786 enim
1342 736 1545 788 auctor
1563 729 1839 787 istome
1902 729 1994 787 De

306 808 516 865 nostris
557 808 798 865 somniis
841 807 981 884 quid
1013 808 1294 865 habemus
1335 808 1561 867 dicere?
1601 816 1666 867 tu
1701 809 1773 867 de
1806 828 1993 867 merso

306 904 398 943 me
443 894 503 944 et
543 906 693 964 equo
735 887 810 944 ad
849 888 1050 965 ripam,
1083 907 1193 965 ego
1236 888 1309 946 de
1342 888 1526 947 Mario
1569 908 1699 947 cum
1741 888 1994 947 fascibus

305 964 570 1024 laureatis
601 986 698 1024 me
730 967 791 1025 in
825 987 994 1024 suum
1028 967 1237 1025 deduci
1264 968 1499 1026 iubente
1530 976 1991 1027 monumentum.

305 1044 552 1105 LXVII.
595 1046 890 1123 Omnium·
905 1048 1280 1119 somniorum,
1304 1046 1535 1120 Quinte,
1555 1067 1672 1106 una
1694 1048 1843 1107 ratio
1872 1057 1992 1107 est:

307 1143 468 1201 quae,
499 1145 604 1203 per
641 1126 783 1183 deos
814 1126 1201 1185 immortales!
1246 1128 1539 1186 videamus
1572 1147 1644 1186 116
1678 1136 1873 1186 nostra
1906 1149 1994 1185 sn-

307 1206 644 1282 perstitione
684 1213 744 1263 et
777 1206 1185 1283 depravatione
1227 1216 1539 1285 superetur.
1629 1209 1760 1266 137.
1806 1207 1991 1277 Quem

305 1285 458 1342 enim
493 1293 556 1343 tu
589 1285 834 1343 Marium
867 1286 1054 1343 visum
1086 1305 1125 1343 a
1154 1306 1249 1346 me
1281 1289 1489 1364 putas?
1568 1287 1849 1366 Speciem,
1881 1308 1994 1347 cre-

305 1364 399 1435 do,
429 1366 552 1423 eius
585 1372 644 1423 et
671 1365 1002 1441 imaginem,
1026 1373 1092 1424 ut
1120 1366 1460 1424 Democrito
1490 1367 1732 1427 videtur.
1818 1367 1993 1427 Unde

305 1444 624 1520 profectam
645 1444 995 1520 imaginem?
1074 1444 1135 1501 A
1163 1446 1497 1522 corporibus
1525 1447 1678 1503 enim
1708 1448 1907 1505 solidis
1935 1456 1995 1505 ct

305 1543 340 1580 a
377 1524 547 1581 certis
588 1522 788 1600 figuris
831 1524 956 1603 vult
997 1524 1173 1581 fluere
1216 1524 1512 1602 imagines.
1599 1524 1771 1594 Quod
1814 1528 1993 1604 igitur

305 1602 471 1661 Marii
501 1622 708 1680 corpus
737 1605 887 1661 erat?
958 1604 1047 1661 Ex
1075 1623 1163 1675 6ο,
1186 1604 1394 1682 inquit,
1416 1605 1572 1682 quod
1593 1606 1797 1665 fuerat.
1867 1607 1993 1665 Ple-

303 1700 380 1741 na
406 1690 541 1741 sunt
570 1683 888 1759 imaginum
916 1684 1127 1743 omnia.
1205 1683 1326 1742 Ista
1347 1685 1525 1761 igitur
1543 1706 1637 1743 me
1658 1687 1851 1763 imago
1874 1686 1993 1745 Ma-

305 1763 374 1821 rii
396 1763 456 1822 in
478 1782 746 1842 campum
769 1762 1068 1822 Atinatem
1090 1764 1550 1842 persequebatur.
1634 1765 1808 1824 Nulla
1836 1767 1987 1825 enim

304 1844 522 1920 species
561 1843 804 1920 cogitari
839 1850 1034 1921 potest
1073 1845 1187 1902 nisi
1220 1845 1391 1922 pulsu
1430 1846 1768 1922 imaginum.-
1856 1853 1985 1906 138.

304 1922 459 1992 Quid
491 1925 666 2000 ergo?
707 1925 850 1981 istae
883 1923 1165 2000 imagines
1190 1924 1275 1982 ita
1300 1925 1469 1983 nobis
1502 1925 1659 1983 dicto
1693 1927 1991 1985 audientes

303 2010 455 2075 sunt,
492 2011 560 2061 ut
601 2002 770 2062 simul
813 2009 984 2081 atque
1025 2003 1270 2062 velimus
1310 2007 1642 2064 accurrant?
1723 2005 1991 2066 Etiamne

303 2101 497 2140 earum
523 2102 732 2154 rerum,
758 2102 902 2160 quae
929 2082 1119 2141 nullae
1146 2086 1317 2143 sunt?
1397 2084 1557 2154 Quae
1585 2092 1672 2143 est
1700 2087 1853 2144 enim
1874 2088 1990 2145 for-

302 2181 398 2220 ma
431 2170 551 2222 tam
583 2163 873 2234 inusitata,
897 2169 1016 2220 tam
1051 2163 1209 2222 nulla
1242 2183 1415 2242 quam
1449 2171 1575 2222 non'
1601 2165 1709 2224 sibi
1738 2166 1860 2242 ipse
1888 2165 1990 2224 fin-

303 2262 436 2319 gere
467 2243 693 2302 animus
725 2243 946 2320 possit?
988 2250 1070 2314 ut,
1102 2262 1247 2320 (11166
1280 2263 1593 2322 numquam
1627 2244 1891 2315 vidimus,
1924 2267 1990 2304 ea

302 2330 496 2381 tamen
528 2323 842 2381 informata
873 2322 1203 2395 1161166111116,
1234 2325 1582 2401 oppidorum
1616 2325 1777 2396 611116,
1811 2327 1991 2383 homi-

303 2421 442 2460 num
471 2402 699 2480 figuras,
788 2409 919 2461 139.
966 2403 1125 2462 Num
1152 2404 1347 2480 igitur,
1372 2423 1504 2462 cum
1532 2411 1633 2464 aut
1660 2424 1854 2464 muros
1880 2405 1991 2464 Ba-

303 2481 533 2559 bylonis
560 2489 660 2541 aut
686 2482 933 2541 Homeri
951 2483 1163 2542 faciem
1191 2484 1617 2562 cogito‚'imago
1645 2484 1871 2542 illorum
1894 2506 1989 2544 me

303 2562 494 2640 aliqua
519 2562 717 2640 pellit?
798 2561 1010 2622 Omnia
1035 2562 1231 2640 igitur,
1255 2582 1397 2640 quae
1427 2562 1706 2635 volumus,
1732 2571 1871 2622 nota
1890 2584 1991 2622 no-

304 2639 392 2698 bis
425 2661 545 2700 esse
573 2648 849 2720 possunt:
891 2641 1038 2700 nihil
1065 2648 1154 2701 est
1188 2643 1344 2701 enim
1372 2642 1444 2700 de
1474 2661 1589 2720 quo
1616 2644 1868 2720 cogitare
1894 2663 1990 2702 ne-

303 2740 593 2798 queamus.
679 2722 738 2779 N
738 2721 884 2780 ullae
911 2741 1049 2800 ergo
1069 2723 1351 2800 imagines
1378 2722 1663 2799 obrepunt
1684 2723 1743 2780 in
1766 2724 1990 2782 animos

303 2799 715 2860 dormientium
737 2801 1085 2860 extrinsecus
1104 2807 1211 2862 1166
1234 2803 1471 2860 omnino
1492 2801 1681 2860 fluunt
1700 2802 1863 2874 ullae,
1886 2823 1989 2862 nec

302 2882 550 2959 cognovi
585 2901 929 2959 quemquam
966 2883 1065 2959 qui
1097 2883 1313 2940 maiore
1354 2883 1696 2940 auctoritate
1728 2882 1873 2940 nihil
1906 2884 1989 2942 di-

303 2968 470 3020 ceret.
555 2961 906 3034 Animorum
940 2969 1027 3019 est
1060 2963 1245 3020 cavis
1279 2981 1455 3040 eaque
1488 2969 1707 3034 natura,
1738 2969 1805 3020 ut
1838 2963 1990 3039 vige-

303 3047 403 3098 ant
444 3041 746 3118 vigilantes
777 3041 936 3099 nullo
979 3041 1303 3100 adventicio
1338 3042 1521 3120 pulsu,
1555 3042 1654 3099 sed
1688 3062 1791 3100 suo
1826 3050 1989 3100 motu

302 3120 626 3179 incredibili
661 3122 906 3198 quadam
949 3120 1283 3179 celeritate.'
1338 3121 1420 3179 Hi
1462 3140 1594 3178 cum
1638 3123 1990 3180 sustinentur

302 3201 576 3258 membris
611 3208 668 3258 et
702 3207 940 3274 corpore
953 3194 1033 3259 *et
1063 3201 1337 3270 sensibus,
1368 3201 1565 3260 omnia
1604 3202 1846 3262 certiora
1878 3221 1986 3261 cer-
