2199 3546
587 155 726 210 Lm.
758 158 824 222 1.,
859 157 1018 211 cAP.
1050 157 1367 224 ιιι-κω,
1390 159 1421 222 s
1444 161 1626 214 28-34.
1892 165 1960 216 ιε

269 275 436 316 maeo
467 258 612 318 dicit
643 265 704 318 et
734 261 796 318 in
830 259 1083 338 Legibus
1116 268 1175 320 et
1206 263 1490 322 mundum
1525 265 1699 323 deum
1734 285 1859 325 esse
1898 275 1959 326 et

267 338 488 396 caelum
537 345 596 397 et
640 345 792 398 astra
837 347 897 399 et
927 349 1145 399 'terram
1190 350 1251 400 et
1294 343 1521 402 animos
1568 353 1629 403 et
1671 365 1787 418 eos,
1812 364 1959 426 quos

268 419 552 476 maiorum
593 419 875 478 institutis
915 422 1257 500 accepimus,
1288 443 1433 500 quae
1474 431 1535 483 et
1574 445 1676 504 per
1717 443 1777 484 se
1821 435 1958 488 sunt

267 497 414 556 falsa
429 500 744 578 perspicue
777 508 836 558 et
868 501 1040 560 inter.
1059 521 1123 560 se
1148 502 1517 562 vehementer
1556 508 1952 584 repugnantia.

269 585 364 636 31.
388 579 586 657 Atque
607 580 780 638 etiam
804 581 1136 676 Xenophon
1157 583 1525 661 paucioribus
1546 585 1732 644 verbis
1754 588 1955 646 eadem

266 659 390 717 fere
415 666 632 736 peccat.
717 659 880 719 Facit
911 681 1068 720 emm
1093 663 1159 720 in
1186 663 1275 736 iis,
1293 681 1441 740 quae
1474 684 1511 722 a
1536 663 1771 724 Socrate
1798 667 1956 726 dicta

164 807 180 813 ..
265 739 508 812 rettulit,
539 739 834 800 Socratem
877 741 1270 820 disputantem
1318 744 1567 802 formam
1618 745 1713 804 dei
1760 748 1955 824 quaeri

267 836 388 876 non
431 828 711 898 oportere,
743 821 1105 899 eundemque
1124 829 1185 882 et
1210 821 1389 882 solem
1411 831 1471 882 et
1488 825 1751 883 animum
1779 827 1952 885 deum

266 898 476 972 dicere,
497 909 562 958 et
584 902 762 960 modo
791 921 990 974 unum,
1009 911 1139 960 tum
1164 909 1358 962 autem
1381 903 1573 982 plures
1600 905 1772 964 deos:
1809 923 1955 987 quae

265 988 408 1038 sunt
425 980 628 1039 iisdem
651 982 710 1038 in
733 982 933 1039 erratis
951 982 1078 1041 fere
1099 983 1309 1060 quibus
1336 1001 1419 1056 ea,
1440 1003 1585 1062 quae
1614 985 1687 1044 de
1708 986 1954 1046 Platone

266 1060 533 1119 vidimus.
598 1059 769 1120 XIII.
835 1068 927 1120 32.
961 1062 1159 1140 Atque
1186 1063 1361 1122 etiam
1387 1064 1769 1124 Antisthenes
1794 1067 1856 1124 in
1883 1087 1955 1125 eo

267 1139 433 1212 libre,
447 1141 548 1218 qui
563 1141 598 1168 “
611 1141 939 1219 Physicus'’
957 1143 1305 1216 inscribitur,
1326 1144 1633 1221 populares
1650 1146 1791 1204 deos
1810 1147 1956 1206 mul-

267 1228 376 1292 tos,
400 1221 716 1279 naturalem
757 1241 938 1280 unum
981 1242 1105 1281 esse
1145 1223 1343 1281 dicens
1369 1224 1525 1282 tollit
1550 1226 1670 1283 vim
1700 1233 1759 1284 et
1790 1234 1955 1286 natu-

266 1319 390 1366 ram
411 1301 668 1359 deorum.
733 1302 789 1359 N
791 1321 856 1360 ec
874 1303 1062 1360 multo
1084 1321 1247 1362 secus
1265 1303 1625 1382 >Speusippus
1646 1305 1953 1365 Platonem

265 1380 610 1438 avunculum
641 1381 994 1460 subsequens
1025 1389 1086 1441 et
1116 1384 1233 1440 vim
1264 1386 1552 1462 quandam
1595 1386 1807 1460 dicenS,
1839 1405 1955 1466 qua

267 1461 466 1518 omnia
484 1469 771 1538 regantur,
791 1481 1032 1540 eamque
1053 1463 1375 1532 animalem,
1396 1463 1633 1522 evellere
1654 1483 1723 1521 ex
1745 1465 1955 1521 animis

267 1548 508 1599 conatur
533 1542 925 1618 cognitionem
955 1543 1229 1601 deornm:
1294 1550 1386 1601 33.
1415 1543 1871 1621 Aristotelesque
1892 1544 1955 1600 in

266 1620 439 1680 tertio
473 1621 546 1678 de
577 1621 948 1700 philosophia
973 1622 1122 1682 libro
1156 1619 1341 1681 multa
1370 1622 1583 1694 turbat,
1608 1642 1643 1681 a
1674 1625 1952 1701 magistro

265 1699 511 1758 Platone
543 1721 662 1759 non
695 1701 1053 1762 dissentiens.
1139 1702 1319 1761 Modo
1352 1704 1506 1760 enim
1534 1704 1719 1761 menti
1750 1703 1956 1761 tribuit

267 1799 499 1839 omnem
527 1780 914 1855 divinitatem,
930 1783 1110 1841 modo
1136 1784 1421 1841 mundum
1450 1785 1641 1860 ipsum
1670 1785 1841 1841 deum
1872 1784 1957 1841 di·-

267 1861 348 1919 cit
373 1880 512 1933 esse,
535 1862 711 1921 modo
740 1862 912 1923 alium
937 1864 1226 1941 quendam
1254 1863 1512 1943 praeficit
1539 1862 1759 1922 mundo
1788 1864 1955 1943 eique

267 1960 362 1999 eas
381 1948 572 2019 partes
597 1942 820 2015 tribuit,
843 1950 912 2000 ut
939 1942 1309 2020 replicatione
1340 1941 1587 2019 quadam
1610 1941 1814 1999 mundi
1834 1961 1956 1999 mo-

266 2028 396 2079 tum
435 2029 598 2099 regat
637 2030 826 2100 atque?
847 2030 1096 2096 tueatur,
1119 2028 1247 2079 tum
1290 2020 1433 2079 caeli
1474 2020 1736 2078 ardorem
1780 2021 1953 2079 deum

267 2100 412 2158 dicit
433 2116 569 2173 esse,
594 2121 709 2160 non
742 2101 1083 2181 intellegens·
1099 2100 1319 2159 caelum
1342 2101 1547 2158 mundi
1570 2120 1690 2159 esse
1710 2108 1953 2178 partem,

269 2200 440 2259 quem
481 2182 598 2239 alio
628 2182 756 2239 loco
799 2182 923 2259 ipse
964 2181 1279 2259 designarit
1319 2181 1507 2238 deum.
1602 2179 1735 2250 Quo
1776 2181 1954 2239 modo

267 2269 460 2319 autem
487 2262 628 2319 caeli
649 2262 878 2321 divinus
900 2262 994 2320 ille
1021 2280 1223 2320 sensus
1242 2262 1302 2319 in
1325 2260 1613 2319 celeritate
1634 2268 1797 2319 tanta
1817 2280 1950 2319 con·

268 2342 476 2399 servari
511 2344 740 2419 potest?
781 2342 881 2400 ubi
914 2342 1125 2401 deinde
1157 2342 1241 2399 illi
1273 2349 1367 2399 tot
1398 2342 1475 2412 di,
1508 2341 1556 2398 si
1590 2360 1956 2399 numeramus

267 2423 441 2480 etiam
464 2422 683 2481 caelum
705 2422 877 2480 deum
895 2423 928 2481 ’ἒ-
976 2422 1127 2480 Cum
1156 2428 1347 2481 autem
1378 2422 1501 2479 sine
1529 2440 1769 2499 corpore
1795 2421 1951 2479 idem

270 2502 391 2560 vult
423 2522 544 2560 esse
578 2502 771 2573 deum,
797 2502 958 2560 omni
988 2502 1155 2561 illum
1190 2522 1358 2559 sensu
1390 2502 1595 2579 privat,
1616 2502 1790 2559 etiam
1824 2520 1956 2577 pru-

267 2583 478 2641 dentia.
564 2581 694 2652 Quo
735 2602 909 2659 porro
948 2582 1129 2639 modo
1163 2582 1446 2640 mundum
1489 2601 1717 2639 movere
1759 2600 1956 2638 carens

267 2681 506 2739 corpore
539 2670 639 2721 aut
669 2682 784 2740 quo
811 2662 988 2720 modo
1023 2680 1249 2739 semper
1281 2680 1344 2719 se
1373 2680 1611 2719 movens
1646 2680 1766 2719 esse
1802 2662 1957 2737 quie-

265 2752 361 2799 tus
389 2749 450 2799 et
476 2742 677 2800 beatus
705 2744 936 2819 potest?
1003 2746 1095 2800 34.
1134 2742 1193 2799 N
1194 2762 1257 2800 ec
1284 2762 1419 2799 vero
1448 2742 1569 2799 eius
1596 2742 1957 2817 condiscipu-

266 2822 356 2879 lus
385 2821 740 2880 Xenocrates
766 2823 827 2880 in
857 2822 966 2881 hoc
983 2840 1208 2899 -genere
1235 2822 1590 2899 prudentior,
1612 2822 1773 2879 cuius
1801 2822 1861 2877 in
1891 2821 1957 2878 li-

266 2902 400 2972 bris,
427 2902 526 2979 qui
554 2911 688 2961 sunt
716 2904 790 2961 de
817 2910 1024 2960 natura
1050 2903 1307 2973 deorum,
1330 2902 1487 2959 nulla
1515 2902 1731 2978 species
1759 2901 1956 2958 divina

265 2982 621 3041 describitur.
723 2983 882 3041 Deos
927 2982 1080 3040 enim
1129 2989 1262 3040 octo
1308 3002 1429 3039 esse
1475 2982 1649 3039 dicit:
1702 2981 1955 3057 quinque

243 3080 380 3134 noe,
405 3062 580 3139 quiin
610 3063 789 3120 stellis
810 3064 970 3140 vagis
991 3063 1379 3132 nominantur,
1400 3068 1597 3132 unum,
1624 3061 1721 3136 qui
1744 3080 1813 3117 ex
1836 3080 1956 3117 om-

243 3142 437 3200 ·nibus
485 3142 782 3215 sideribUS,
812 3162 955 3221 quae
990 3142 1167 3199 infixa
1208 3142 1364 3199 caelo
1406 3148 1557 3211 sunt,
1583 3160 1651 3197 ex
1685 3140 1956 3217 dispersis

243 3222 725 3298 -'quasi.membris
753 3223 996 3301 simplex
1023 3223 1102 3280 sit
1122 3222 1413 3299 putandus
1434 3222 1607 3279 deus:
1644 3221 1955 3297 septimum
