2199 3546
217 128 313 178 174
453 142 458 147 ·
736 127 838 177 DE
867 125 1374 177 DIVINATIONE.

216 247 354 298 esse,
397 246 517 288 non
566 226 638 286 de
693 227 933 285 victoria
986 226 1379 304 cogitandum.
1462 224 1722 285 XXXV.
1810 224 1843 283 ’1
1852 225 1905 285 ’1.

217 307 408 377 Quid?
441 306 591 365 bello
619 307 842 365 Punico
871 308 1123 365 secundo
1144 326 1337 368 nonne
1358 304 1423 365 C.
1445 305 1758 364 Flaminius
1780 326 1910 364 con-

217 388 305 445 sul
321 388 531 447 iterum
549 388 802 464 neglexit
819 387 984 463 signa
999 406 1189 444 rerum
1206 388 1529 445 futurarum
1546 406 1758 463 magna
1775 405 1907 444 cum

217 467 378 527 clade
405 468 490 531 rei
514 467 814 544 publicae?
895 466 1008 536 Qui
1037 468 1289 525 exercitu
1316 466 1557 524 lustrato
1586 485 1719 524 cum
1741 466 1911 524 Arre·

216 548 365 606 tium
407 567 602 608 versus
640 554 826 605 castra
863 547 1138 604 movisset
1178 554 1238 604 et
1279 553 1479 604 contra
1518 546 1907 605 Hannibalem

218 624 474 704 legiones
513 628 762 698 duceret,
794 633 852 685 et
884 626 1007 703 ipse
1040 634 1101 684 et
1133 646 1313 704 equus
1354 627 1477 684 eius
1508 633 1643 684 ante
1678 626 1907 703 signum

219 705 373 765 Iovis
406 706 652 771 Statoris
687 708 816 765 sine
857 726 1028 764 causa
1067 714 1305 783 repente
1346 705 1602 763 concidit
1632 726 1739 764 nec
1780 723 1908 763 eam

218 805 339 845 rem
373 786 578 845 habuit
617 786 898 863 religioni,
931 786 1159 844 obiecto
1201 785 1385 863 sign0‚
1415 793 1483 844 ut
1514 786 1715 864 peritis
1755 785 1910 843 vide-

223 866 404 938 batur,
434 886 507 925 ne
544 868 933 925 committeret
965 866 1266 943 proelium.
1352 865 1515 924 Idem
1556 885 1689 924 cum
1730 865 1911 943 tripu-

219 946 318 1004 dio
356 947 758 1023 auspicaretur,
792 947 1064 1023 pullarius
1105 946 1260 1004 diem
1301 946 1507 1023 proelii
1546 946 1912 1004 committen-

221 1027 282 1084 di
309 1026 630 1085 differebat.
710 1026 860 1085 Tum
891 1026 1206 1085 Flaminius
1238 1046 1309 1085 ex
1336 1046 1406 1085 eo
1435 1025 1735 1104 quaesivit,
1760 1026 1808 1083 si
1836 1044 1909 1085 ne

219 1112 422 1184 postea
443 1105 675 1183 quidem
700 1106 842 1183 pulli
863 1114 1245 1183 pascerentur,
1267 1106 1406 1184 quid
1428 1106 1761 1165 faciendum
1782 1124 1909 1163 cen—

221 1193 382 1245 seret.
467 1186 618 1246 Cum
646 1186 740 1245 ille
775 1186 1185 1264 quiescendum
1214 1186 1617 1264 respondisset,
1642 1186 1912 1244 Flamini-

220 1284 317 1324 us:
356 1266 390 1293 ‘⁶
409 1265 705 1323 Praeclara
721 1286 856 1324 vero
874 1267 1144 1343 auspicia,
1162 1268 1210 1323 si
1233 1266 1613 1325 esurientibus
1629 1266 1802 1344 pullis
1822 1285 1912 1323 res

220 1346 342 1423 geri
363 1346 594 1424 poterit,
617 1347 822 1404 saturis
849 1346 994 1405 nihil
1016 1346 1301 1423 geretur.’'
1370 1346 1573 1425 Itaque
1595 1348 1761 1424 signa
1780 1366 1913 1405 con-

225 1426 350 1484 velli
386 1433 446 1484 et
479 1446 538 1484 se
572 1427 734 1504 sequi
767 1427 948 1485 iussit.
1033 1426 1166 1496 Quo
1199 1434 1461 1504 tempore
1494 1431 1625 1485 c‘um
1670 1428 1913 1504 signifer

221 1506 396 1584 primi
437 1506 649 1565 hastati
689 1507 920 1584 signum
961 1526 1079 1564 non
1124 1514 1319 1584 posset
1360 1526 1589 1565 movere
1634 1507 1763 1565 loco
1805 1526 1911 1564 nec

222 1587 524 1663 quicquam
576 1586 962 1664 proficeretur,
998 1586 1191 1664 plures
1230 1606 1361 1644 cum
1406 1587 1756 1658 accederent,
1792 1586 1915 1645 Fla-

223 1668 436 1725 minius
465 1686 522 1723 re
551 1666 815 1724 nuntiata
841 1686 945 1725 suo
977 1686 1133 1725 more
1160 1667 1429 1744 neglexit.
1506 1667 1709 1745 Itaque
1728 1666 1915 1725 tribus

223 1746 380 1804 horis
427 1747 688 1805 concisus
729 1748 1009 1806 exercitus
1049 1756 1223 1826 atque
1264 1748 1387 1826 ipse
1430 1747 1767 1806 interfectus
1808 1754 1911 1806 est.

227 1828 318 1886 78.
364 1827 641 1904 Magnum
688 1827 832 1886 illud
874 1829 1066 1900 etiam,
1099 1828 1257 1906 quod
1296 1828 1525 1886 addidit
1568 1827 1813 1899 Caelina,
1844 1847 1915 1886 eo

223 1914 484 1984 tempore
515 1908 659 1984 ipso,
683 1927 814 1966 cum
843 1907 954 1965 hoc
987 1907 1387 1966 calamitosum
1415 1907 1577 1966 fieret
1608 1908 1913 1985 proelium,

224 1994 418 2045 tantos
445 1995 627 2044 terrae
656 1994 848 2046 motus
871 1988 930 2045 in
951 1987 1277 2065 LiguribuS,
1300 1987 1487 2046 Gallia
1504 1988 1919 2066 compluribus-
1988 1989 1997 1996 '

227 2087 337 2144 que
365 2068 566 2125 insulis
595 2075 830 2145 totaque
860 2068 917 2124 in
948 2067 1117 2126 Italia
1141 2069 1331 2126 factos
1358 2087 1500 2140 esse,
1520 2075 1587 2126 ut
1614 2069 1797 2126 multa
1817 2087 1918 2145 op-

226 2146 364 2224 pida
395 2148 726 2217 corruerint,
751 2148 950 2205 multis
982 2148 1124 2206 locis
1155 2148 1312 2205 labes
1343 2149 1531 2206 factae
1564 2148 1681 2205 sint
1714 2157 1919 2205 terrae-

214 2228 338 2303 'que
367 2226 692 2285 desederint
718 2227 1069 2305 fluminaque
1098 2229 1158 2284 in
1188 2228 1499 2285 contrarias
1526 2234 1717 2305 part-es
1743 2227 1920 2285 fluxe-

225 2307 342 2364 rint
369 2314 541 2383 atque
563 2307 624 2364 in
645 2326 842 2364 amnes
862 2326 1017 2365 mare
1040 2307 1345 2366 influxerit.
1416 2307 1705 2368 XXXVI.
1742 2307 1919 2366 Fiunt

227 2394 379 2445 certe
411 2386 833 2444 divinationum
867 2387 1225 2445 coniecturae
1252 2407 1289 2444 a
1314 2388 1529 2465 peritis,
1614 2387 1805 2446 Midae
1831 2387 1919 2445 illi

227 2465 467 2542 Phrygi,
491 2485 622 2524 cum
653 2485 796 2543 puer
821 2474 984 2539 esset,
1009 2467 1321 2526 dormienti
1343 2468 1619 2526 formicae
1646 2467 1707 2525 in
1736 2486 1801 2524 os
1821 2467 1921 2524 tri-

227 2545 328 2604 tici
355 2564 534 2623 grana
560 2555 983 2623 congesserunt.
1067 2547 1497 2606 Divitissimum
1518 2547 1647 2606 fore
1665 2547 1921 2625 praedic-

227 2633 353 2684 tum
403 2633 522 2684 est:
568 2627 726 2704 quod
773 2628 979 2686 evcnit.
1063 2627 1149 2685 At
1196 2627 1431 2685 Platoni
1476 2647 1608 2685 cum
1648 2627 1708 2685 in
1756 2627 1920 2685 cunis

228 2705 466 2783 parvulo
508 2705 818 2765 dormienti
859 2727 994 2784 apes
1034 2708 1094 2765 in
1138 2707 1355 2765 labellis
1394 2707 1802 2778 consedissent,
1838 2725 1921 2764 re-

229 2804 503 2862 sponsum
539 2794 627 2844 est
659 2787 933 2863 singulari
960 2787 1123 2844 illum
1158 2788 1437 2845 suavitate
1470 2787 1747 2845 orationis
1773 2787 1916 2845 fore.

227 2865 322 2923 Ita
367 2866 564 2925 futura
611 2865 938 2945 eloquentia
985 2867 1213 2944 provisa
1255 2868 1313 2924 in
1364 2867 1589 2926 infante
1634 2874 1735 2924 est.
1823 2866 1917 2925 79.

231 2944 422 3014 Quid?
463 2964 686 3004 amores
713 2966 778 3004 ac
805 2946 1040 3005 deliciae
1067 2953 1201 3004 tuae
1229 2947 1471 3005 Roscius
1497 2966 1639 3004 num
1668 2952 1769 3005 aut
1794 2947 1921 3023 ipse

229 3033 330 3084 aut
356 3045 462 3104 pro
492 3046 560 3084 eo
589 3027 910 3084 Lanuvium
939 3033 1131 3084 totum
1152 3025 1575 3085 mentiebatur?
1650 3025 1762 3096 Qui
1786 3045 1919 3084 cum

231 3112 380 3163 esset
412 3106 472 3163 in
505 3106 800 3164 cunabulis
833 3107 1280 3183 educareturque
1313 3107 1374 3164 in
1408 3106 1665 3178 Soloni0,
1698 3107 1797 3184 qui
1831 3113 1920 3164 est

231 3203 470 3263 campus
500 3187 624 3264 agri
652 3185 950 3259 Lanuvini,
973 3192 1151 3246 noctu
1176 3187 1395 3245 lumine
1422 3187 1691 3264 apposito
1725 3203 1917 3265 exper-
