2199 3546
513 169 651 219 Lm.
683 169 778 231 11.,
807 168 1769 232 0A12.XLV.-val11.,§94-100.
1888 172 1983 223 εει

303 270 472 341 Nam,
490 270 647 347 quod
673 269 850 339 aiunt,
871 270 1291 347 quadringenta
1318 271 1682 348 septuaginta
1709 270 1867 328 milia
1894 290 1989 329 an-

303 370 511 409 norum
531 350 588 406 in
611 350 1000 427 periclitandis
1021 349 1493 427 experiendisque
1511 351 1717 427 pueris,
1732 351 1988 428 quicum-

307 450 416 507 que
439 437 627 486 essent
649 429 1154 506 nati,Babylonios
1178 430 1451 507 posuisse,
1466 429 1689 488 fallunt.
1748 431 1812 488 Si
1832 431 1987 488 enim

301 517 450 567 esset
471 509 816 579 factitatum,
837 528 954 566 non
984 516 1133 566 esset
1152 510 1433 567 desitum:
1474 510 1765 568 neminem
1793 518 1987 568 autem

302 589 580 647 habemus
612 596 902 646 auctorem
938 589 1036 666 qui
1064 589 1127 646 id
1158 596 1261 647 aut
1290 589 1414 647 fieri
1448 590 1604 647 dicat
1636 597 1737 647 aut
1763 591 1986 647 factum

303 669 461 727 sciat.
538 668 782 727 XLVII.
809 668 1063 727 Videsne
1090 688 1185 726 mc
1214 688 1329 726 non
1360 689 1427 727 ea
1454 670 1657 741 dicere,
1684 688 1829 747 quae
1856 669 1991 727 Car-

303 749 528 820 neades,
559 749 657 806 sed
707 768 790 819 ea,
821 767 966 825 quae
1009 749 1276 826 princeps
1318 748 1643 811 Stoicorum
1679 749 1990 807 Panaetius

303 828 549 887 dixerit?
627 828 756 905 Ego
785 835 976 886 autem
1000 829 1173 886 etiam
1196 828 1336 886 haec
1368 829 1596 906 requiro
1620 847 1655 886 :—
1678 828 1986 900 Omnesne,

305 909 404 985 qui
446 908 733 966 Cannensi
765 927 962 985 pugna
1005 907 1347 979 ceciderunt,
1375 928 1490 966 uno
1535 915 1689 966 astro
1734 906 1989 967 fuerint?

303 988 508 1046 Exitus
543 988 776 1066 quidem
819 988 1078 1045 omnium
1111 1008 1263 1047 unus
1302 995 1361 1045 et
1391 988 1549 1046 idem
1580 988 1711 1046 fuit.
1796 988 1989 1057 Quid?

305 1068 404 1145 qui
432 1068 664 1145 ingenio
698 1075 870 1145 atque
903 1069 1098 1125 animo
1136 1067 1465 1146 singulareS,
1488 1088 1629 1143 num
1664 1075 1817 1127 astro
1851 1087 1991 1146 quo-

305 1168 415 1225 que
443 1149 598 1205 uno?
671 1147 844 1217 Quod
871 1148 1026 1206 enim
1057 1155 1289 1226 tempus
1318 1168 1433 1226 quo
1462 1168 1579 1206 non
1608 1148 1990 1207 innumerabi-

303 1228 386 1285 les
413 1229 754 1285 naseanturss
826 1228 912 1285 At
938 1235 1090 1286 certe
1118 1228 1323 1286 similis
1348 1248 1519 1286 nemo
1548 1229 1808 1286 Homeri.
1890 1234 1984 1286 98.

303 1307 396 1379 Et,
421 1308 468 1364 si
499 1307 571 1365 ad
601 1327 718 1365 rem
748 1308 998 1385 pertinet
1027 1328 1143 1387 quo
1176 1309 1353 1366 modo
1388 1308 1543 1367 caelo
1578 1309 1809 1367 adfecto
1836 1328 1989 1367 com-

289 1388 621 1464 positisque
663 1387 944 1445 sideribus
986 1389 1257 1480 quodque
1297 1388 1507 1445 animal
1549 1390 1781 1459 oriatur,
1806 1388 1990 1445 valeat

303 1467 366 1525 id
398 1486 626 1525 necesse
667 1475 756 1525 est
787 1468 962 1525 etiam
995 1469 1056 1524 in
1097 1468 1314 1525 rebus
1300 1468 1586 1525 inanimis.
1673 1467 1803 1536 Quo
1846 1464 1989 1545 quid

303 1547 420 1605 dici
452 1554 645 1623 potest
677 1546 1013 1605 absurdius.
996 1549 1018 1591 2
1097 1547 1160 1605 L.
1187 1547 1421 1625 quidem
1464 1547 1733 1606 Tarutius
1778 1547 1990 1605 Firma-

303 1646 428 1695 nuS‚
449 1628 747 1685 familiaris
775 1638 984 1699 noster,
1003 1628 1064 1685 in
1087 1628 1290 1705 primis
1316 1628 1642 1685 Chaldaicis
1668 1627 1989 1685 rationibus

304 1704 576 1779 eruditus,
598 1708 754 1765 urbis
783 1708 956 1765 etiam
985 1716 1215 1766 nostrae
1242 1707 1489 1765 natalem
1513 1708 1665 1765 diem
1694 1707 1989 1788 repetebat

304 1788 419 1846 ab
405 1789 476 1845 lis
503 1788 805 1860 Parilibus,
827 1789 1035 1867 quibus
1062 1809 1189 1847 eam
1224 1809 1257 1846 a
1290 1789 1539 1846 Romulo
1575 1789 1867 1846 conditam
1902 1807 1989 1846 ae-

303 1869 576 1946 eepimm,
601 1869 1017 1946 Romamque,
1000 1889 1060 1926 ιιι
1094 1870 1235 1945 iugo
1269 1887 1399 1926 cum
1437 1876 1587 1926 esset
1617 1870 1769 1940 luna,
1791 1875 1988 1926 natam

303 1967 426 2006 esse
460 1948 688 2006 dicebat
721 1968 825 2006 nec
859 1949 982 2006 eius
1009 1949 1133 2006 fata
1165 1968 1366 2006 canere
1399 1948 1717 2006 dubitabat.
1802 1953 1896 2005 99.
1934 1947 1988 2006 O

304 2029 420 2085 vim
455 2029 766 2086 maximam
799 2028 1041 2086 erroris!
1125 2028 1393 2086 Etiamne
1436 2028 1595 2086 urbis
1628 2027 1833 2086 natalis
1866 2028 1989 2088 dies

305 2109 376 2165 ad
401 2108 518 2166 vim
547 2107 832 2166 stellarum
865 2116 924 2166 et
951 2109 1119 2166 lunae
1146 2108 1507 2186 pertinebat?
1581 2108 1691 2165 Fac
1721 2109 1779 2165 in
1810 2126 1988 2185 puero

305 2189 514 2246 referre
557 2208 669 2266 qua
709 2189 1038 2246 adfectione
1078 2188 1220 2246 caeli
1254 2189 1505 2266 primum
1540 2188 1807 2266 spiritum
1851 2188 1990 2245 dux-

305 2268 445 2325 erit:
489 2287 626 2326 num
661 2269 772 2327 hoc
806 2269 865 2326 in
898 2268 1072 2326 latere
1114 2276 1213 2326 aut
1244 2269 1305 2325 in
1340 2276 1653 2339 caemento,
1679 2289 1748 2326 ex
1782 2267 1991 2346 quibus

305 2347 439 2404 urbs
467 2347 672 2406 effecta
697 2355 800 2420 est,
826 2349 1020 2426 potuit
1046 2349 1267 2406 valere?
1348 2348 1465 2408 Sed
1493 2349 1632 2425 quid
1660 2349 1861 2426 plura?
1900 2367 1991 2406 co-

303 2427 446 2484 tidie
480 2428 832 2486 refelluntur.
917 2428 1103 2497 Quam
1136 2429 1321 2486 multa
1352 2448 1462 2506 ego
1491 2429 1792 2507 Pompeio,
1818 2447 1991 2506 quam

304 2507 488 2564 multa
519 2507 741 2579 Crass0,
767 2527 936 2601 quam
971 2509 1157 2566 multa
1184 2509 1367 2566 huic
1350 2508 1464 2586 lpsi
1496 2508 1726 2566 Caesari
1758 2527 1793 2565 a
1824 2507 1993 2565 Chal-

305 2587 462 2644 daeis
489 2587 645 2645 dicta
671 2589 924 2659 memini,
949 2589 1239 2646 neminem
1274 2607 1471 2646 eorum
1501 2588 1613 2645 nisi
1642 2589 1702 2644 in
1736 2595 1993 2646 senectu-

303 2674 379 2738 te,
406 2667 513 2724 nisi
542 2667 718 2738 domi,
743 2668 853 2725 nisi
883 2687 1013 2726 cum
1055 2669 1313 2726 claritate
1346 2686 1468 2725 esse
1500 2668 1843 2724 moriturum
1869 2668 1881 2725 1
1926 2674 1992 2725 ut

304 2747 448 2804 mihi
469 2748 780 2824 permirum
799 2748 1060 2806 videatur
1082 2765 1427 2826 quemquam
1451 2754 1671 2805 exstare
1694 2747 1792 2824 qui
1815 2747 1989 2804 etiam

304 2845 456 2884 nunc
485 2827 678 2885 credat
698 2828 786 2900 iis,
809 2848 1052 2906 quorum
1076 2828 1369 2905 praedicta
1396 2828 1610 2885 cotidie
1632 2828 1824 2884 videat
1842 2845 1903 2884 re
1932 2834 1991 2885 et

305 2907 523 2964 eventis
551 2907 749 2966 refelli.

387 2987 660 3045 XLVIII.
725 2994 856 3046 100.
881 2987 1125 3046 Restant
1146 2987 1263 3044 duo
1286 2986 1584 3044 divinandi
1604 3005 1829 3062 genera,
1846 3003 1989 3062 quae

306 3065 512 3124 habere
547 3068 792 3125 dicimur
824 3087 858 3125 a
889 3075 1109 3138 natura,
1134 3087 1252 3125 non
1285 3067 1357 3124 ab
1391 3074 1527 3137 arte,
1550 3066 1901 3124 vaticinandi
1932 3073 1990 3123 et

306 3148 644 3205 somniandi.
708 3148 799 3206 De
822 3148 1044 3225 quibuS‚
1067 3147 1333 3218 Quinte,
1317 3165 1571 3224 mquam
1588 3146 1637 3204 si
1656 3145 1862 3240 placet,
1880 3147 1991 3204 dis-

307 3246 573 3286 seramus
659 3227 805 3286 Mihi
840 3247 990 3298 vero,
1015 3227 1223 3304 inquit,
1248 3226 1471 3303 placet:
1513 3226 1609 3284 his
1646 3225 1819 3298 enim,
1844 3245 1991 3302 quae
