<?xml version="1.0" encoding="UTF-8"?>
<!DOCTYPE html PUBLIC "-//W3C//DTD XHTML 1.0 Transitional//EN"
    "http://www.w3.org/TR/xhtml1/DTD/xhtml1-transitional.dtd">
<html xmlns="http://www.w3.org/1999/xhtml" xml:lang="en" lang="en">
 <head>
  <title>
</title>
<meta http-equiv="Content-Type" content="text/html;charset=utf-8" />
  <meta name='ocr-system' content='tesseract 3.04.00' />
  <meta name='ocr-capabilities' content='ocr_page ocr_carea ocr_par ocr_line ocrx_word'/>
</head>
<body>
  <div class='ocr_page' id='page_1' title='image "./denaturadeorumd00cicegoog_0271.png"; bbox 0 0 2199 3546; ppageno 0'>
   <div class='ocr_carea' id='block_1_1' title="bbox 794 150 1972 223">
    <p class='ocr_par' dir='ltr' id='par_1_1' title="bbox 794 150 1972 223">
     <span class='ocr_line' id='line_1_1' title="bbox 794 150 1972 223; baseline 0.002 -12"><span class='ocrx_word' id='word_1_1' title='bbox 794 150 1230 223; x_wconf 76' lang='lat' dir='ltr'>cAP.1x.-XI.&#39;,</span> <span class='ocrx_word' id='word_1_2' title='bbox 1253 158 1282 220; x_wconf 68' lang='lat'>5</span> <span class='ocrx_word' id='word_1_3' title='bbox 1308 162 1481 211; x_wconf 81' lang='lat'>19-25.</span> <span class='ocrx_word' id='word_1_4' title='bbox 1878 164 1972 213; x_wconf 81' lang='lat'>261</span> 
     </span>
    </p>
   </div>
   <div class='ocr_carea' id='block_1_2' title="bbox 210 258 1983 3284">
    <p class='ocr_par' dir='ltr' id='par_1_2' title="bbox 210 258 1981 1275">
     <span class='ocr_line' id='line_1_2' title="bbox 210 258 1975 340; baseline -0.001 -18"><span class='ocrx_word' id='word_1_5' title='bbox 210 317 215 322; x_wconf 89' lang='lat'>.</span> <span class='ocrx_word' id='word_1_6' title='bbox 294 278 397 322; x_wconf 85' lang='lat' dir='ltr'>mo</span> <span class='ocrx_word' id='word_1_7' title='bbox 411 259 574 337; x_wconf 87' lang='lat' dir='ltr'>pulsa</span> <span class='ocrx_word' id='word_1_8' title='bbox 594 258 857 319; x_wconf 78' lang='lat' dir='ltr'><strong>declinat.</strong></span> <span class='ocrx_word' id='word_1_9' title='bbox 916 260 1068 318; x_wconf 88' lang='lat' dir='ltr'>Nam</span> <span class='ocrx_word' id='word_1_10' title='bbox 1087 261 1185 338; x_wconf 89' lang='lat' dir='ltr'>qui</span> <span class='ocrx_word' id='word_1_11' title='bbox 1202 268 1395 339; x_wconf 86' lang='lat' dir='ltr'>potest</span> <span class='ocrx_word' id='word_1_12' title='bbox 1410 261 1547 340; x_wconf 89' lang='lat' dir='ltr'>pelli</span> <span class='ocrx_word' id='word_1_13' title='bbox 1564 260 1675 319; x_wconf 86' lang='lat' dir='ltr'>alia</span> <span class='ocrx_word' id='word_1_14' title='bbox 1694 260 1765 320; x_wconf 84' lang='lat' dir='ltr'>ab</span> <span class='ocrx_word' id='word_1_15' title='bbox 1782 260 1910 335; x_wconf 89' lang='lat' dir='ltr'>alia,</span> <span class='ocrx_word' id='word_1_16' title='bbox 1929 264 1975 322; x_wconf 87' lang='lat' dir='ltr'>si</span> 
     </span>
     <span class='ocr_line' id='line_1_3' title="bbox 295 340 1977 419; baseline 0.001 -22"><span class='ocrx_word' id='word_1_17' title='bbox 295 341 574 417; x_wconf 81' lang='lat' dir='ltr'>gravitate</span> <span class='ocrx_word' id='word_1_18' title='bbox 600 340 866 397; x_wconf 86' lang='lat' dir='ltr'>feruntur</span> <span class='ocrx_word' id='word_1_19' title='bbox 897 340 970 397; x_wconf 87' lang='lat' dir='ltr'>ad</span> <span class='ocrx_word' id='word_1_20' title='bbox 997 342 1466 419; x_wconf 81' lang='lat' dir='ltr'>perpendiculum</span> <span class='ocrx_word' id='word_1_21' title='bbox 1504 361 1744 418; x_wconf 88' lang='lat' dir='ltr'>corpora</span> <span class='ocrx_word' id='word_1_22' title='bbox 1773 341 1977 399; x_wconf 84' lang='lat' dir='ltr'>indivi-</span> 
     </span>
     <span class='ocr_line' id='line_1_4' title="bbox 295 420 1978 499; baseline 0.001 -22"><span class='ocrx_word' id='word_1_23' title='bbox 295 420 410 477; x_wconf 88' lang='lat' dir='ltr'>dua</span> <span class='ocrx_word' id='word_1_24' title='bbox 439 421 610 477; x_wconf 85' lang='lat' dir='ltr'>rectis</span> <span class='ocrx_word' id='word_1_25' title='bbox 637 420 818 491; x_wconf 71' lang='lat' dir='ltr'>lineiS,</span> <span class='ocrx_word' id='word_1_26' title='bbox 841 427 908 477; x_wconf 91' lang='lat' dir='ltr'>ut</span> <span class='ocrx_word' id='word_1_27' title='bbox 935 421 1187 497; x_wconf 85' lang='lat' dir='ltr'>Epicuro</span> <span class='ocrx_word' id='word_1_28' title='bbox 1215 421 1437 497; x_wconf 65' lang='lat' dir='ltr'>placet?</span> <span class='ocrx_word' id='word_1_29' title='bbox 1520 422 1791 499; x_wconf 84' lang='lat' dir='ltr'>Sequitur</span> <span class='ocrx_word' id='word_1_30' title='bbox 1823 422 1978 480; x_wconf 91' lang='lat' dir='ltr'>enim</span> 
     </span>
     <span class='ocr_line' id='line_1_5' title="bbox 295 498 1981 579; baseline 0.001 -22"><span class='ocrx_word' id='word_1_31' title='bbox 295 506 378 571; x_wconf 89' lang='lat' dir='ltr'>ut,</span> <span class='ocrx_word' id='word_1_32' title='bbox 401 500 450 556; x_wconf 87' lang='lat' dir='ltr'>si</span> <span class='ocrx_word' id='word_1_33' title='bbox 477 500 588 557; x_wconf 85' lang='lat' dir='ltr'>alia</span> <span class='ocrx_word' id='word_1_34' title='bbox 618 498 690 557; x_wconf 86' lang='lat' dir='ltr'>ab</span> <span class='ocrx_word' id='word_1_35' title='bbox 718 500 829 557; x_wconf 86' lang='lat' dir='ltr'>alia</span> <span class='ocrx_word' id='word_1_36' title='bbox 859 520 1175 578; x_wconf 82' lang='lat' dir='ltr'><strong>numquam</strong></span> <span class='ocrx_word' id='word_1_37' title='bbox 1210 500 1543 577; x_wconf 79' lang='lat' dir='ltr'>depellatur,</span> <span class='ocrx_word' id='word_1_38' title='bbox 1575 521 1647 559; x_wconf 89' lang='lat' dir='ltr'>ne</span> <span class='ocrx_word' id='word_1_39' title='bbox 1680 502 1981 579; x_wconf 87' lang='lat' dir='ltr'>contingat</span> 
     </span>
     <span class='ocr_line' id='line_1_6' title="bbox 297 579 1979 657; baseline 0.002 -21"><span class='ocrx_word' id='word_1_40' title='bbox 297 580 531 656; x_wconf 84' lang='lat' dir='ltr'>quidem</span> <span class='ocrx_word' id='word_1_41' title='bbox 557 579 669 637; x_wconf 87' lang='lat' dir='ltr'>alia</span> <span class='ocrx_word' id='word_1_42' title='bbox 695 580 881 639; x_wconf 85' lang='lat' dir='ltr'>aliam.</span> <span class='ocrx_word' id='word_1_43' title='bbox 953 580 1042 637; x_wconf 85' lang='lat' dir='ltr'>Ex</span> <span class='ocrx_word' id='word_1_44' title='bbox 1069 599 1187 657; x_wconf 91' lang='lat' dir='ltr'>quo</span> <span class='ocrx_word' id='word_1_45' title='bbox 1208 580 1466 650; x_wconf 88' lang='lat' dir='ltr'>efficitur,</span> <span class='ocrx_word' id='word_1_46' title='bbox 1492 582 1665 638; x_wconf 88' lang='lat' dir='ltr'>etiam</span> <span class='ocrx_word' id='word_1_47' title='bbox 1694 582 1743 638; x_wconf 84' lang='lat' dir='ltr'>si</span> <span class='ocrx_word' id='word_1_48' title='bbox 1764 582 1840 640; x_wconf 86' lang='lat' dir='ltr'>sit</span> <span class='ocrx_word' id='word_1_49' title='bbox 1861 589 1979 639; x_wconf 88' lang='lat' dir='ltr'>ato-</span> 
     </span>
     <span class='ocr_line' id='line_1_7' title="bbox 295 659 1975 736; baseline 0.002 -21"><span class='ocrx_word' id='word_1_50' title='bbox 295 678 426 716; x_wconf 86' lang='lat' dir='ltr'>mus</span> <span class='ocrx_word' id='word_1_51' title='bbox 452 678 631 736; x_wconf 86' lang='lat' dir='ltr'>eaque</span> <span class='ocrx_word' id='word_1_52' title='bbox 658 659 922 730; x_wconf 88' lang='lat' dir='ltr'>declinet,</span> <span class='ocrx_word' id='word_1_53' title='bbox 946 659 1231 717; x_wconf 88' lang='lat' dir='ltr'>declinare</span> <span class='ocrx_word' id='word_1_54' title='bbox 1260 660 1381 718; x_wconf 88' lang='lat' dir='ltr'>sine</span> <span class='ocrx_word' id='word_1_55' title='bbox 1409 679 1592 718; x_wconf 86' lang='lat' dir='ltr'>causa.</span> <span class='ocrx_word' id='word_1_56' title='bbox 1678 666 1772 719; x_wconf 83' lang='lat'>23.</span> <span class='ocrx_word' id='word_1_57' title='bbox 1810 661 1975 719; x_wconf 84' lang='lat' dir='ltr'>Hanc</span> 
     </span>
     <span class='ocr_line' id='line_1_8' title="bbox 295 738 1977 817; baseline 0.001 -22"><span class='ocrx_word' id='word_1_58' title='bbox 295 738 576 815; x_wconf 83' lang='lat' dir='ltr'>Epicurus</span> <span class='ocrx_word' id='word_1_59' title='bbox 602 739 883 796; x_wconf 86' lang='lat' dir='ltr'>rationem</span> <span class='ocrx_word' id='word_1_60' title='bbox 909 739 1140 797; x_wconf 79' lang='lat' dir='ltr'>induxit</span> <span class='ocrx_word' id='word_1_61' title='bbox 1160 739 1237 796; x_wconf 96' lang='lat' dir='ltr'>ob</span> <span class='ocrx_word' id='word_1_62' title='bbox 1265 758 1391 797; x_wconf 89' lang='lat' dir='ltr'>eam</span> <span class='ocrx_word' id='word_1_63' title='bbox 1420 758 1557 812; x_wconf 89' lang='lat' dir='ltr'>rem,</span> <span class='ocrx_word' id='word_1_64' title='bbox 1582 740 1740 817; x_wconf 90' lang='lat' dir='ltr'>quod</span> <span class='ocrx_word' id='word_1_65' title='bbox 1766 741 1977 799; x_wconf 82' lang='lat' dir='ltr'>veritus</span> 
     </span>
     <span class='ocr_line' id='line_1_9' title="bbox 295 818 1978 896; baseline 0.002 -21"><span class='ocrx_word' id='word_1_66' title='bbox 295 825 386 875; x_wconf 85' lang='lat' dir='ltr'>est</span> <span class='ocrx_word' id='word_1_67' title='bbox 415 836 504 888; x_wconf 89' lang='lat' dir='ltr'>nc,</span> <span class='ocrx_word' id='word_1_68' title='bbox 535 818 584 874; x_wconf 86' lang='lat' dir='ltr'>si</span> <span class='ocrx_word' id='word_1_69' title='bbox 617 837 840 896; x_wconf 85' lang='lat' dir='ltr'>semper</span> <span class='ocrx_word' id='word_1_70' title='bbox 880 826 1109 876; x_wconf 86' lang='lat' dir='ltr'>atomus</span> <span class='ocrx_word' id='word_1_71' title='bbox 1140 819 1420 895; x_wconf 82' lang='lat' dir='ltr'>gravitate</span> <span class='ocrx_word' id='word_1_72' title='bbox 1451 820 1697 877; x_wconf 87' lang='lat' dir='ltr'>ferretur</span> <span class='ocrx_word' id='word_1_73' title='bbox 1734 820 1978 879; x_wconf 85' lang='lat' dir='ltr'>naturali</span> 
     </span>
     <span class='ocr_line' id='line_1_10' title="bbox 295 896 1979 971; baseline 0.001 -18"><span class='ocrx_word' id='word_1_74' title='bbox 295 916 362 954; x_wconf 91' lang='lat' dir='ltr'>ac</span> <span class='ocrx_word' id='word_1_75' title='bbox 394 896 722 967; x_wconf 85' lang='lat' dir='ltr'>necessaria,</span> <span class='ocrx_word' id='word_1_76' title='bbox 747 897 892 955; x_wconf 90' lang='lat' dir='ltr'>nihil</span> <span class='ocrx_word' id='word_1_77' title='bbox 920 897 1164 955; x_wconf 87' lang='lat' dir='ltr'>liberum</span> <span class='ocrx_word' id='word_1_78' title='bbox 1197 897 1365 956; x_wconf 90' lang='lat' dir='ltr'>nobis</span> <span class='ocrx_word' id='word_1_79' title='bbox 1397 905 1561 971; x_wconf 85' lang='lat' dir='ltr'>esset,</span> <span class='ocrx_word' id='word_1_80' title='bbox 1584 918 1716 956; x_wconf 91' lang='lat' dir='ltr'>cum</span> <span class='ocrx_word' id='word_1_81' title='bbox 1746 900 1828 957; x_wconf 87' lang='lat' dir='ltr'>ita</span> <span class='ocrx_word' id='word_1_82' title='bbox 1860 919 1979 956; x_wconf 88' lang='lat' dir='ltr'>mo-</span> 
     </span>
     <span class='ocr_line' id='line_1_11' title="bbox 293 976 1978 1055; baseline 0.003 -22"><span class='ocrx_word' id='word_1_83' title='bbox 293 982 521 1034; x_wconf 81' lang='lat' dir='ltr'>veretur</span> <span class='ocrx_word' id='word_1_84' title='bbox 559 976 800 1048; x_wconf 74' lang='lat' dir='ltr'>animae,</span> <span class='ocrx_word' id='word_1_85' title='bbox 838 985 903 1035; x_wconf 88' lang='lat' dir='ltr'>ut</span> <span class='ocrx_word' id='word_1_86' title='bbox 935 985 1262 1035; x_wconf 87' lang='lat' dir='ltr'>atomorum</span> <span class='ocrx_word' id='word_1_87' title='bbox 1301 985 1468 1037; x_wconf 90' lang='lat' dir='ltr'>motu</span> <span class='ocrx_word' id='word_1_88' title='bbox 1510 986 1821 1055; x_wconf 80' lang='lat' dir='ltr'>cogeretur.</span> <span class='ocrx_word' id='word_1_89' title='bbox 1907 979 1978 1038; x_wconf 93' lang='lat' dir='ltr'>Id</span> 
     </span>
     <span class='ocr_line' id='line_1_12' title="bbox 295 1056 1979 1135; baseline 0.001 -22"><span class='ocrx_word' id='word_1_90' title='bbox 295 1056 664 1113; x_wconf 81' lang='lat' dir='ltr'>Democritus</span> <span class='ocrx_word' id='word_1_91' title='bbox 697 1064 896 1113; x_wconf 84' lang='lat' dir='ltr'>auctor</span> <span class='ocrx_word' id='word_1_92' title='bbox 925 1064 1251 1115; x_wconf 85' lang='lat' dir='ltr'>atomorum</span> <span class='ocrx_word' id='word_1_93' title='bbox 1280 1059 1535 1135; x_wconf 87' lang='lat' dir='ltr'>accipere</span> <span class='ocrx_word' id='word_1_94' title='bbox 1561 1059 1766 1118; x_wconf 81' lang='lat' dir='ltr'>maluit</span> <span class='ocrx_word' id='word_1_95' title='bbox 1792 1078 1979 1117; x_wconf 86' lang='lat' dir='ltr'>neces-</span> 
     </span>
     <span class='ocr_line' id='line_1_13' title="bbox 295 1135 1979 1215; baseline 0.002 -22"><span class='ocrx_word' id='word_1_96' title='bbox 295 1137 464 1194; x_wconf 85' lang='lat' dir='ltr'>sitate</span> <span class='ocrx_word' id='word_1_97' title='bbox 492 1136 688 1193; x_wconf 88' lang='lat' dir='ltr'>omnia</span> <span class='ocrx_word' id='word_1_98' title='bbox 713 1135 832 1193; x_wconf 89' lang='lat' dir='ltr'>fieri</span> <span class='ocrx_word' id='word_1_99' title='bbox 863 1155 1036 1213; x_wconf 88' lang='lat' dir='ltr'>quam</span> <span class='ocrx_word' id='word_1_100' title='bbox 1063 1156 1098 1194; x_wconf 88' lang='lat' dir='ltr'>a</span> <span class='ocrx_word' id='word_1_101' title='bbox 1124 1138 1459 1215; x_wconf 85' lang='lat' dir='ltr'>corporibus</span> <span class='ocrx_word' id='word_1_102' title='bbox 1480 1139 1793 1198; x_wconf 86' lang='lat' dir='ltr'>individuis</span> <span class='ocrx_word' id='word_1_103' title='bbox 1818 1146 1979 1196; x_wconf 86' lang='lat' dir='ltr'>natu-</span> 
     </span>
     <span class='ocr_line' id='line_1_14' title="bbox 294 1215 940 1275; baseline 0.003 -2"><span class='ocrx_word' id='word_1_104' title='bbox 294 1215 438 1273; x_wconf 83' lang='lat' dir='ltr'>rales</span> <span class='ocrx_word' id='word_1_105' title='bbox 467 1222 660 1274; x_wconf 87' lang='lat' dir='ltr'>motus</span> <span class='ocrx_word' id='word_1_106' title='bbox 687 1216 940 1275; x_wconf 84' lang='lat' dir='ltr'>avellere.</span> 
     </span>
    </p>

    <p class='ocr_par' dir='ltr' id='par_1_3' title="bbox 292 1295 1983 3284">
     <span class='ocr_line' id='line_1_15' title="bbox 373 1295 1980 1376; baseline 0.002 -24"><span class='ocrx_word' id='word_1_107' title='bbox 373 1296 482 1354; x_wconf 92' lang='lat' dir='ltr'>XI.</span> <span class='ocrx_word' id='word_1_108' title='bbox 527 1295 772 1353; x_wconf 89' lang='lat' dir='ltr'>Acutius</span> <span class='ocrx_word' id='word_1_109' title='bbox 800 1296 1137 1369; x_wconf 78' lang='lat' dir='ltr'>CarneadeS,</span> <span class='ocrx_word' id='word_1_110' title='bbox 1169 1298 1269 1374; x_wconf 88' lang='lat' dir='ltr'>qui</span> <span class='ocrx_word' id='word_1_111' title='bbox 1302 1297 1545 1356; x_wconf 88' lang='lat' dir='ltr'>docebat</span> <span class='ocrx_word' id='word_1_112' title='bbox 1577 1318 1745 1375; x_wconf 86' lang='lat' dir='ltr'>posse</span> <span class='ocrx_word' id='word_1_113' title='bbox 1774 1299 1980 1376; x_wconf 88' lang='lat' dir='ltr'>Epicu-</span> 
     </span>
     <span class='ocr_line' id='line_1_16' title="bbox 293 1376 1979 1435; baseline 0.002 -3"><span class='ocrx_word' id='word_1_114' title='bbox 293 1394 422 1432; x_wconf 87' lang='lat' dir='ltr'>reos</span> <span class='ocrx_word' id='word_1_115' title='bbox 449 1394 611 1433; x_wconf 86' lang='lat' dir='ltr'>suam</span> <span class='ocrx_word' id='word_1_116' title='bbox 637 1394 866 1433; x_wconf 86' lang='lat' dir='ltr'>causam</span> <span class='ocrx_word' id='word_1_117' title='bbox 895 1377 1016 1433; x_wconf 86' lang='lat' dir='ltr'>sine</span> <span class='ocrx_word' id='word_1_118' title='bbox 1035 1376 1144 1433; x_wconf 90' lang='lat' dir='ltr'>hac</span> <span class='ocrx_word' id='word_1_119' title='bbox 1170 1378 1574 1434; x_wconf 90' lang='lat' dir='ltr'>commenticia</span> <span class='ocrx_word' id='word_1_120' title='bbox 1598 1378 1979 1435; x_wconf 84' lang='lat' dir='ltr'>declinatione</span> 
     </span>
     <span class='ocr_line' id='line_1_17' title="bbox 295 1454 1980 1533; baseline 0.002 -22"><span class='ocrx_word' id='word_1_121' title='bbox 295 1454 618 1512; x_wconf 86' lang='lat' dir='ltr'>defendere.</span> <span class='ocrx_word' id='word_1_122' title='bbox 704 1454 855 1511; x_wconf 87' lang='lat' dir='ltr'>Nam</span> <span class='ocrx_word' id='word_1_123' title='bbox 889 1474 1020 1511; x_wconf 91' lang='lat' dir='ltr'>cum</span> <span class='ocrx_word' id='word_1_124' title='bbox 1055 1455 1287 1513; x_wconf 88' lang='lat' dir='ltr'>doceret</span> <span class='ocrx_word' id='word_1_125' title='bbox 1320 1474 1441 1512; x_wconf 86' lang='lat' dir='ltr'>csse</span> <span class='ocrx_word' id='word_1_126' title='bbox 1483 1475 1650 1532; x_wconf 84' lang='lat' dir='ltr'>posse</span> <span class='ocrx_word' id='word_1_127' title='bbox 1691 1458 1980 1533; x_wconf 87' lang='lat' dir='ltr'>quendam</span> 
     </span>
     <span class='ocr_line' id='line_1_18' title="bbox 295 1533 1980 1605; baseline 0.001 -14"><span class='ocrx_word' id='word_1_128' title='bbox 295 1533 474 1591; x_wconf 88' lang='lat' dir='ltr'>animi</span> <span class='ocrx_word' id='word_1_129' title='bbox 516 1540 741 1591; x_wconf 85' lang='lat' dir='ltr'>motum</span> <span class='ocrx_word' id='word_1_130' title='bbox 781 1533 1185 1605; x_wconf 86' lang='lat' dir='ltr'>voluntarium,</span> <span class='ocrx_word' id='word_1_131' title='bbox 1228 1533 1292 1592; x_wconf 87' lang='lat' dir='ltr'>id</span> <span class='ocrx_word' id='word_1_132' title='bbox 1333 1535 1451 1593; x_wconf 84' lang='lat' dir='ltr'>fuit</span> <span class='ocrx_word' id='word_1_133' title='bbox 1494 1534 1729 1593; x_wconf 86' lang='lat' dir='ltr'>defendi</span> <span class='ocrx_word' id='word_1_134' title='bbox 1776 1537 1980 1593; x_wconf 89' lang='lat' dir='ltr'>melius</span> 
     </span>
     <span class='ocr_line' id='line_1_19' title="bbox 297 1613 1979 1691; baseline 0.002 -21"><span class='ocrx_word' id='word_1_135' title='bbox 297 1632 469 1690; x_wconf 89' lang='lat' dir='ltr'>quam</span> <span class='ocrx_word' id='word_1_136' title='bbox 517 1614 878 1671; x_wconf 86' lang='lat' dir='ltr'>introducere</span> <span class='ocrx_word' id='word_1_137' title='bbox 927 1613 1386 1685; x_wconf 84' lang='lat' dir='ltr'>declinationem,</span> <span class='ocrx_word' id='word_1_138' title='bbox 1431 1616 1593 1673; x_wconf 90' lang='lat' dir='ltr'>cuius</span> <span class='ocrx_word' id='word_1_139' title='bbox 1645 1617 1979 1691; x_wconf 87' lang='lat' dir='ltr'>praesertim</span> 
     </span>
     <span class='ocr_line' id='line_1_20' title="bbox 292 1694 1979 1771; baseline 0.002 -22"><span class='ocrx_word' id='word_1_140' title='bbox 292 1712 327 1750; x_wconf 91' lang='lat' dir='ltr'>c</span> <span class='ocrx_word' id='word_1_141' title='bbox 346 1712 522 1750; x_wconf 66' lang='lat' dir='ltr'>tusam</span> <span class='ocrx_word' id='word_1_142' title='bbox 567 1694 810 1771; x_wconf 87' lang='lat' dir='ltr'>reperire</span> <span class='ocrx_word' id='word_1_143' title='bbox 854 1713 969 1751; x_wconf 89' lang='lat' dir='ltr'>non</span> <span class='ocrx_word' id='word_1_144' title='bbox 1016 1701 1274 1771; x_wconf 89' lang='lat' dir='ltr'>possunt.</span> <span class='ocrx_word' id='word_1_145' title='bbox 1359 1694 1489 1763; x_wconf 80' lang='lat' dir='ltr'>Quo</span> <span class='ocrx_word' id='word_1_146' title='bbox 1530 1695 1769 1753; x_wconf 86' lang='lat' dir='ltr'>defenso</span> <span class='ocrx_word' id='word_1_147' title='bbox 1810 1695 1979 1753; x_wconf 85' lang='lat' dir='ltr'>facile</span> 
     </span>
     <span class='ocr_line' id='line_1_21' title="bbox 295 1772 1980 1852; baseline 0.002 -22"><span class='ocrx_word' id='word_1_148' title='bbox 295 1772 622 1851; x_wconf 85' lang='lat' dir='ltr'>Chrysippo</span> <span class='ocrx_word' id='word_1_149' title='bbox 656 1783 890 1852; x_wconf 86' lang='lat' dir='ltr'>possent</span> <span class='ocrx_word' id='word_1_150' title='bbox 931 1776 1206 1833; x_wconf 85' lang='lat' dir='ltr'>resistere.</span> <span class='ocrx_word' id='word_1_151' title='bbox 1290 1773 1441 1832; x_wconf 83' lang='lat' dir='ltr'>Cum</span> <span class='ocrx_word' id='word_1_152' title='bbox 1483 1776 1636 1834; x_wconf 89' lang='lat' dir='ltr'>enim</span> <span class='ocrx_word' id='word_1_153' title='bbox 1678 1777 1980 1833; x_wconf 88' lang='lat' dir='ltr'>concessis·-</span> 
     </span>
     <span class='ocr_line' id='line_1_22' title="bbox 293 1855 1980 1927; baseline 0.004 -19"><span class='ocrx_word' id='word_1_154' title='bbox 293 1861 422 1910; x_wconf 64' lang='lat' dir='ltr'>sent</span> <span class='ocrx_word' id='word_1_155' title='bbox 449 1860 674 1911; x_wconf 88' lang='lat' dir='ltr'>motum</span> <span class='ocrx_word' id='word_1_156' title='bbox 702 1855 923 1911; x_wconf 90' lang='lat' dir='ltr'>nullum</span> <span class='ocrx_word' id='word_1_157' title='bbox 953 1874 1073 1912; x_wconf 90' lang='lat' dir='ltr'>esse</span> <span class='ocrx_word' id='word_1_158' title='bbox 1102 1855 1223 1912; x_wconf 88' lang='lat' dir='ltr'>sine</span> <span class='ocrx_word' id='word_1_159' title='bbox 1251 1874 1435 1927; x_wconf 88' lang='lat' dir='ltr'>causa,</span> <span class='ocrx_word' id='word_1_160' title='bbox 1460 1875 1577 1912; x_wconf 91' lang='lat' dir='ltr'>non</span> <span class='ocrx_word' id='word_1_161' title='bbox 1605 1856 1980 1914; x_wconf 83' lang='lat' dir='ltr'>concederent</span> 
     </span>
     <span class='ocr_line' id='line_1_23' title="bbox 295 1932 1981 2008; baseline 0.003 -20"><span class='ocrx_word' id='word_1_162' title='bbox 295 1933 508 2003; x_wconf 89' lang='lat' dir='ltr'>omnia,</span> <span class='ocrx_word' id='word_1_163' title='bbox 533 1951 676 2008; x_wconf 88' lang='lat' dir='ltr'>quae</span> <span class='ocrx_word' id='word_1_164' title='bbox 705 1932 920 2004; x_wconf 89' lang='lat' dir='ltr'>fierent,</span> <span class='ocrx_word' id='word_1_165' title='bbox 945 1933 1065 1991; x_wconf 89' lang='lat' dir='ltr'>fieri</span> <span class='ocrx_word' id='word_1_166' title='bbox 1095 1935 1279 1991; x_wconf 89' lang='lat' dir='ltr'>causis</span> <span class='ocrx_word' id='word_1_167' title='bbox 1307 1935 1789 1994; x_wconf 43' lang='lat' dir='ltr'>antecedentibus&amp;</span> <span class='ocrx_word' id='word_1_168' title='bbox 1864 1935 1981 1995; x_wconf 93' lang='lat' dir='ltr'>Vo-</span> 
     </span>
     <span class='ocr_line' id='line_1_24' title="bbox 296 2011 1981 2074; baseline 0.004 -6"><span class='ocrx_word' id='word_1_169' title='bbox 296 2011 534 2069; x_wconf 85' lang='lat' dir='ltr'>luntatis</span> <span class='ocrx_word' id='word_1_170' title='bbox 577 2011 733 2068; x_wconf 91' lang='lat' dir='ltr'>enim</span> <span class='ocrx_word' id='word_1_171' title='bbox 777 2019 1004 2070; x_wconf 85' lang='lat' dir='ltr'>nostrae</span> <span class='ocrx_word' id='word_1_172' title='bbox 1049 2032 1166 2071; x_wconf 93' lang='lat' dir='ltr'>non</span> <span class='ocrx_word' id='word_1_173' title='bbox 1212 2033 1333 2070; x_wconf 88' lang='lat' dir='ltr'>esse</span> <span class='ocrx_word' id='word_1_174' title='bbox 1378 2033 1573 2071; x_wconf 84' lang='lat' dir='ltr'>causas</span> <span class='ocrx_word' id='word_1_175' title='bbox 1617 2021 1878 2072; x_wconf 85' lang='lat' dir='ltr'>externas</span> <span class='ocrx_word' id='word_1_176' title='bbox 1921 2022 1981 2074; x_wconf 88' lang='lat' dir='ltr'>et</span> 
     </span>
     <span class='ocr_line' id='line_1_25' title="bbox 295 2091 1981 2170; baseline 0.002 -22"><span class='ocrx_word' id='word_1_177' title='bbox 295 2091 710 2149; x_wconf 82' lang='lat' dir='ltr'>antecedenteS.</span> <span class='ocrx_word' id='word_1_178' title='bbox 775 2096 868 2149; x_wconf 83' lang='lat'>24.</span> <span class='ocrx_word' id='word_1_179' title='bbox 899 2091 1213 2150; x_wconf 84' lang='lat' dir='ltr'>Communi</span> <span class='ocrx_word' id='word_1_180' title='bbox 1233 2093 1412 2170; x_wconf 84' lang='lat' dir='ltr'>igitur</span> <span class='ocrx_word' id='word_1_181' title='bbox 1438 2095 1849 2152; x_wconf 87' lang='lat' dir='ltr'>consuetudine</span> <span class='ocrx_word' id='word_1_182' title='bbox 1872 2115 1981 2153; x_wconf 88' lang='lat' dir='ltr'>scr-</span> 
     </span>
     <span class='ocr_line' id='line_1_26' title="bbox 295 2169 1981 2252; baseline 0.003 -25"><span class='ocrx_word' id='word_1_183' title='bbox 295 2172 484 2228; x_wconf 84' lang='lat' dir='ltr'>monis</span> <span class='ocrx_word' id='word_1_184' title='bbox 513 2169 818 2243; x_wconf 83' lang='lat' dir='ltr'>abutimur,</span> <span class='ocrx_word' id='word_1_185' title='bbox 842 2191 974 2228; x_wconf 91' lang='lat' dir='ltr'>cum</span> <span class='ocrx_word' id='word_1_186' title='bbox 1002 2173 1085 2230; x_wconf 86' lang='lat' dir='ltr'>ita</span> <span class='ocrx_word' id='word_1_187' title='bbox 1106 2173 1367 2245; x_wconf 82' lang='lat' dir='ltr'>dicimus,</span> <span class='ocrx_word' id='word_1_188' title='bbox 1386 2173 1529 2232; x_wconf 89' lang='lat' dir='ltr'>velle</span> <span class='ocrx_word' id='word_1_189' title='bbox 1550 2173 1767 2252; x_wconf 87' lang='lat' dir='ltr'>aliquid</span> <span class='ocrx_word' id='word_1_190' title='bbox 1789 2194 1981 2252; x_wconf 89' lang='lat' dir='ltr'>quem-</span> 
     </span>
     <span class='ocr_line' id='line_1_27' title="bbox 296 2251 1980 2328; baseline 0.004 -21"><span class='ocrx_word' id='word_1_191' title='bbox 296 2251 452 2328; x_wconf 83' lang='lat' dir='ltr'>piam</span> <span class='ocrx_word' id='word_1_192' title='bbox 486 2256 585 2308; x_wconf 88' lang='lat' dir='ltr'>aut</span> <span class='ocrx_word' id='word_1_193' title='bbox 615 2251 765 2308; x_wconf 91' lang='lat' dir='ltr'>nolle</span> <span class='ocrx_word' id='word_1_194' title='bbox 799 2252 920 2310; x_wconf 87' lang='lat' dir='ltr'>sine</span> <span class='ocrx_word' id='word_1_195' title='bbox 952 2271 1135 2310; x_wconf 87' lang='lat' dir='ltr'>causa.</span> <span class='ocrx_word' id='word_1_196' title='bbox 1221 2253 1313 2310; x_wconf 89' lang='lat' dir='ltr'>Ita</span> <span class='ocrx_word' id='word_1_197' title='bbox 1345 2254 1498 2311; x_wconf 90' lang='lat' dir='ltr'>enim</span> <span class='ocrx_word' id='word_1_198' title='bbox 1528 2254 1775 2312; x_wconf 88' lang='lat' dir='ltr'>dicimus</span> <span class='ocrx_word' id='word_1_199' title='bbox 1805 2256 1839 2284; x_wconf 86' lang='lat'>“</span> <span class='ocrx_word' id='word_1_200' title='bbox 1858 2256 1980 2313; x_wconf 87' lang='lat' dir='ltr'>sine</span> 
     </span>
     <span class='ocr_line' id='line_1_28' title="bbox 297 2331 1975 2407; baseline 0.004 -19"><span class='ocrx_word' id='word_1_201' title='bbox 297 2331 518 2403; x_wconf 87' lang='lat' dir='ltr'>causa,”</span> <span class='ocrx_word' id='word_1_202' title='bbox 540 2338 607 2389; x_wconf 90' lang='lat' dir='ltr'>ut</span> <span class='ocrx_word' id='word_1_203' title='bbox 627 2331 884 2389; x_wconf 87' lang='lat' dir='ltr'>dicamus</span> <span class='ocrx_word' id='word_1_204' title='bbox 911 2333 1034 2391; x_wconf 86' lang='lat' dir='ltr'>sine</span> <span class='ocrx_word' id='word_1_205' title='bbox 1063 2340 1295 2392; x_wconf 87' lang='lat' dir='ltr'>externa</span> <span class='ocrx_word' id='word_1_206' title='bbox 1323 2340 1381 2392; x_wconf 87' lang='lat' dir='ltr'>et</span> <span class='ocrx_word' id='word_1_207' title='bbox 1402 2335 1773 2393; x_wconf 87' lang='lat' dir='ltr'>antecedente</span> <span class='ocrx_word' id='word_1_208' title='bbox 1794 2355 1975 2407; x_wconf 87' lang='lat' dir='ltr'>causa,</span> 
     </span>
     <span class='ocr_line' id='line_1_29' title="bbox 297 2412 1981 2490; baseline 0.003 -22"><span class='ocrx_word' id='word_1_209' title='bbox 297 2429 414 2468; x_wconf 88' lang='lat' dir='ltr'>non</span> <span class='ocrx_word' id='word_1_210' title='bbox 443 2412 566 2470; x_wconf 89' lang='lat' dir='ltr'>sine</span> <span class='ocrx_word' id='word_1_211' title='bbox 593 2412 796 2490; x_wconf 85' lang='lat' dir='ltr'>aliqua.</span> <span class='ocrx_word' id='word_1_212' title='bbox 869 2413 972 2486; x_wconf 89' lang='lat' dir='ltr'>Ut,</span> <span class='ocrx_word' id='word_1_213' title='bbox 997 2433 1128 2472; x_wconf 91' lang='lat' dir='ltr'>cum</span> <span class='ocrx_word' id='word_1_214' title='bbox 1152 2433 1250 2472; x_wconf 87' lang='lat' dir='ltr'>vas</span> <span class='ocrx_word' id='word_1_215' title='bbox 1277 2414 1446 2472; x_wconf 87' lang='lat' dir='ltr'>inane</span> <span class='ocrx_word' id='word_1_216' title='bbox 1474 2415 1736 2486; x_wconf 88' lang='lat' dir='ltr'>dicimus,</span> <span class='ocrx_word' id='word_1_217' title='bbox 1760 2436 1877 2473; x_wconf 89' lang='lat' dir='ltr'>non</span> <span class='ocrx_word' id='word_1_218' title='bbox 1901 2417 1981 2474; x_wconf 86' lang='lat' dir='ltr'>ita</span> 
     </span>
     <span class='ocr_line' id='line_1_30' title="bbox 297 2491 1977 2571; baseline 0.003 -23"><span class='ocrx_word' id='word_1_219' title='bbox 297 2491 602 2568; x_wconf 88' lang='lat' dir='ltr'>loquimur,</span> <span class='ocrx_word' id='word_1_220' title='bbox 625 2500 692 2550; x_wconf 90' lang='lat' dir='ltr'>ut</span> <span class='ocrx_word' id='word_1_221' title='bbox 725 2492 967 2570; x_wconf 87' lang='lat' dir='ltr'>physici,</span> <span class='ocrx_word' id='word_1_222' title='bbox 999 2494 1209 2571; x_wconf 86' lang='lat' dir='ltr'>quibus</span> <span class='ocrx_word' id='word_1_223' title='bbox 1241 2495 1411 2552; x_wconf 85' lang='lat' dir='ltr'>inane</span> <span class='ocrx_word' id='word_1_224' title='bbox 1444 2514 1565 2552; x_wconf 84' lang='lat' dir='ltr'>esse</span> <span class='ocrx_word' id='word_1_225' title='bbox 1597 2495 1741 2552; x_wconf 90' lang='lat' dir='ltr'>nihil</span> <span class='ocrx_word' id='word_1_226' title='bbox 1774 2495 1977 2571; x_wconf 89' lang='lat' dir='ltr'>placet,</span> 
     </span>
     <span class='ocr_line' id='line_1_31' title="bbox 298 2571 1981 2650; baseline 0.004 -24"><span class='ocrx_word' id='word_1_227' title='bbox 298 2571 400 2628; x_wconf 84' lang='lat' dir='ltr'>sed</span> <span class='ocrx_word' id='word_1_228' title='bbox 426 2571 523 2640; x_wconf 86' lang='lat' dir='ltr'>ita,</span> <span class='ocrx_word' id='word_1_229' title='bbox 547 2579 614 2628; x_wconf 85' lang='lat' dir='ltr'>ut</span> <span class='ocrx_word' id='word_1_230' title='bbox 640 2571 800 2628; x_wconf 89' lang='lat' dir='ltr'>verbi</span> <span class='ocrx_word' id='word_1_231' title='bbox 831 2591 1001 2628; x_wconf 85' lang='lat' dir='ltr'>causa</span> <span class='ocrx_word' id='word_1_232' title='bbox 1033 2573 1157 2630; x_wconf 86' lang='lat' dir='ltr'>sine</span> <span class='ocrx_word' id='word_1_233' title='bbox 1190 2591 1353 2650; x_wconf 87' lang='lat' dir='ltr'>aqua,</span> <span class='ocrx_word' id='word_1_234' title='bbox 1378 2573 1500 2630; x_wconf 88' lang='lat' dir='ltr'>sine</span> <span class='ocrx_word' id='word_1_235' title='bbox 1528 2573 1681 2645; x_wconf 88' lang='lat' dir='ltr'>vin0‚</span> <span class='ocrx_word' id='word_1_236' title='bbox 1704 2575 1825 2631; x_wconf 87' lang='lat' dir='ltr'>sine</span> <span class='ocrx_word' id='word_1_237' title='bbox 1855 2574 1981 2632; x_wconf 92' lang='lat' dir='ltr'>oleo</span> 
     </span>
     <span class='ocr_line' id='line_1_32' title="bbox 297 2649 1981 2721; baseline 0.003 -16"><span class='ocrx_word' id='word_1_238' title='bbox 297 2667 396 2705; x_wconf 84' lang='lat' dir='ltr'>vas</span> <span class='ocrx_word' id='word_1_239' title='bbox 423 2667 544 2705; x_wconf 86' lang='lat' dir='ltr'>esse</span> <span class='ocrx_word' id='word_1_240' title='bbox 572 2649 846 2719; x_wconf 82' lang='lat' dir='ltr'>dicamuS,</span> <span class='ocrx_word' id='word_1_241' title='bbox 871 2650 968 2721; x_wconf 89' lang='lat' dir='ltr'>sic,</span> <span class='ocrx_word' id='word_1_242' title='bbox 992 2669 1125 2708; x_wconf 90' lang='lat' dir='ltr'>cum</span> <span class='ocrx_word' id='word_1_243' title='bbox 1148 2651 1270 2708; x_wconf 85' lang='lat' dir='ltr'>sine</span> <span class='ocrx_word' id='word_1_244' title='bbox 1298 2671 1467 2708; x_wconf 88' lang='lat' dir='ltr'>causa</span> <span class='ocrx_word' id='word_1_245' title='bbox 1486 2652 1741 2709; x_wconf 91' lang='lat' dir='ltr'>animum</span> <span class='ocrx_word' id='word_1_246' title='bbox 1764 2655 1981 2711; x_wconf 89' lang='lat' dir='ltr'>moveri</span> 
     </span>
     <span class='ocr_line' id='line_1_33' title="bbox 299 2728 1978 2804; baseline 0.003 -20"><span class='ocrx_word' id='word_1_247' title='bbox 299 2728 560 2799; x_wconf 90' lang='lat' dir='ltr'>dicimus,</span> <span class='ocrx_word' id='word_1_248' title='bbox 597 2728 718 2785; x_wconf 87' lang='lat' dir='ltr'>sine</span> <span class='ocrx_word' id='word_1_249' title='bbox 759 2729 1133 2787; x_wconf 86' lang='lat' dir='ltr'>antecedente</span> <span class='ocrx_word' id='word_1_250' title='bbox 1173 2737 1232 2787; x_wconf 87' lang='lat' dir='ltr'>et</span> <span class='ocrx_word' id='word_1_251' title='bbox 1265 2737 1497 2788; x_wconf 87' lang='lat' dir='ltr'>externa</span> <span class='ocrx_word' id='word_1_252' title='bbox 1537 2750 1707 2789; x_wconf 87' lang='lat' dir='ltr'>causa</span> <span class='ocrx_word' id='word_1_253' title='bbox 1745 2733 1978 2804; x_wconf 89' lang='lat' dir='ltr'>moveri,</span> 
     </span>
     <span class='ocr_line' id='line_1_34' title="bbox 299 2806 1982 2889; baseline 0.003 -25"><span class='ocrx_word' id='word_1_254' title='bbox 299 2826 416 2864; x_wconf 90' lang='lat' dir='ltr'>non</span> <span class='ocrx_word' id='word_1_255' title='bbox 444 2807 681 2866; x_wconf 89' lang='lat' dir='ltr'>omnino</span> <span class='ocrx_word' id='word_1_256' title='bbox 711 2806 832 2865; x_wconf 86' lang='lat' dir='ltr'>sine</span> <span class='ocrx_word' id='word_1_257' title='bbox 859 2827 1030 2866; x_wconf 86' lang='lat' dir='ltr'>causa</span> <span class='ocrx_word' id='word_1_258' title='bbox 1047 2809 1309 2868; x_wconf 77' lang='lat' dir='ltr'>dicimuS.</span> <span class='ocrx_word' id='word_1_259' title='bbox 1380 2809 1471 2868; x_wconf 89' lang='lat' dir='ltr'>De</span> <span class='ocrx_word' id='word_1_260' title='bbox 1492 2811 1617 2889; x_wconf 85' lang='lat' dir='ltr'>ipsa</span> <span class='ocrx_word' id='word_1_261' title='bbox 1644 2819 1838 2869; x_wconf 87' lang='lat' dir='ltr'>atomo</span> <span class='ocrx_word' id='word_1_262' title='bbox 1867 2813 1982 2869; x_wconf 89' lang='lat' dir='ltr'>dici</span> 
     </span>
     <span class='ocr_line' id='line_1_35' title="bbox 300 2888 1979 2967; baseline 0.002 -23"><span class='ocrx_word' id='word_1_263' title='bbox 300 2893 507 2964; x_wconf 87' lang='lat' dir='ltr'>potest,</span> <span class='ocrx_word' id='word_1_264' title='bbox 531 2907 662 2946; x_wconf 89' lang='lat' dir='ltr'>cum</span> <span class='ocrx_word' id='word_1_265' title='bbox 684 2907 788 2965; x_wconf 89' lang='lat' dir='ltr'>per</span> <span class='ocrx_word' id='word_1_266' title='bbox 813 2888 982 2946; x_wconf 85' lang='lat' dir='ltr'>inane</span> <span class='ocrx_word' id='word_1_267' title='bbox 1009 2901 1307 2946; x_wconf 83' lang='lat' dir='ltr'>moveatur</span> <span class='ocrx_word' id='word_1_268' title='bbox 1326 2889 1601 2966; x_wconf 84' lang='lat' dir='ltr'>gravitate</span> <span class='ocrx_word' id='word_1_269' title='bbox 1631 2898 1689 2948; x_wconf 90' lang='lat' dir='ltr'>et</span> <span class='ocrx_word' id='word_1_270' title='bbox 1710 2891 1979 2967; x_wconf 89' lang='lat' dir='ltr'>pondere,</span> 
     </span>
     <span class='ocr_line' id='line_1_36' title="bbox 298 2967 1983 3044; baseline 0.002 -20"><span class='ocrx_word' id='word_1_271' title='bbox 298 2967 422 3024; x_wconf 86' lang='lat' dir='ltr'>sine</span> <span class='ocrx_word' id='word_1_272' title='bbox 455 2987 624 3025; x_wconf 88' lang='lat' dir='ltr'>causa</span> <span class='ocrx_word' id='word_1_273' title='bbox 653 2968 888 3039; x_wconf 86' lang='lat' dir='ltr'>moveri,</span> <span class='ocrx_word' id='word_1_274' title='bbox 915 2968 1050 3044; x_wconf 87' lang='lat' dir='ltr'>quia</span> <span class='ocrx_word' id='word_1_275' title='bbox 1074 2967 1232 3025; x_wconf 87' lang='lat' dir='ltr'>nulla</span> <span class='ocrx_word' id='word_1_276' title='bbox 1263 2987 1431 3026; x_wconf 88' lang='lat' dir='ltr'>causa</span> <span class='ocrx_word' id='word_1_277' title='bbox 1456 2970 1688 3028; x_wconf 85' lang='lat' dir='ltr'>accedat</span> <span class='ocrx_word' id='word_1_278' title='bbox 1715 2971 1983 3028; x_wconf 84' lang='lat' dir='ltr'>extrinse-</span> 
     </span>
     <span class='ocr_line' id='line_1_37' title="bbox 299 3046 1983 3126; baseline 0.002 -22"><span class='ocrx_word' id='word_1_279' title='bbox 299 3066 414 3104; x_wconf 81' lang='lat' dir='ltr'>cuS.</span> <span class='ocrx_word' id='word_1_280' title='bbox 501 3053 594 3106; x_wconf 86' lang='lat'>25.</span> <span class='ocrx_word' id='word_1_281' title='bbox 639 3046 856 3104; x_wconf 86' lang='lat' dir='ltr'>Rursus</span> <span class='ocrx_word' id='word_1_282' title='bbox 889 3055 1099 3120; x_wconf 89' lang='lat' dir='ltr'>autem,</span> <span class='ocrx_word' id='word_1_283' title='bbox 1129 3067 1203 3105; x_wconf 89' lang='lat' dir='ltr'>ne</span> <span class='ocrx_word' id='word_1_284' title='bbox 1236 3067 1435 3105; x_wconf 89' lang='lat' dir='ltr'>omnes</span> <span class='ocrx_word' id='word_1_285' title='bbox 1467 3049 1693 3126; x_wconf 90' lang='lat' dir='ltr'>physici</span> <span class='ocrx_word' id='word_1_286' title='bbox 1725 3069 1833 3107; x_wconf 90' lang='lat' dir='ltr'>nos</span> <span class='ocrx_word' id='word_1_287' title='bbox 1864 3050 1983 3108; x_wconf 85' lang='lat' dir='ltr'>irri-</span> 
     </span>
     <span class='ocr_line' id='line_1_38' title="bbox 295 3126 1982 3205; baseline 0.001 -21"><span class='ocrx_word' id='word_1_288' title='bbox 295 3127 488 3198; x_wconf 87' lang='lat' dir='ltr'>deant,</span> <span class='ocrx_word' id='word_1_289' title='bbox 520 3128 567 3186; x_wconf 85' lang='lat' dir='ltr'>si</span> <span class='ocrx_word' id='word_1_290' title='bbox 600 3128 858 3189; x_wconf 87' lang='lat' dir='ltr'>dicamus</span> <span class='ocrx_word' id='word_1_291' title='bbox 899 3128 1205 3205; x_wconf 84' lang='lat' dir='ltr'>quicquam</span> <span class='ocrx_word' id='word_1_292' title='bbox 1240 3126 1365 3186; x_wconf 90' lang='lat' dir='ltr'>fieri</span> <span class='ocrx_word' id='word_1_293' title='bbox 1404 3128 1526 3186; x_wconf 87' lang='lat' dir='ltr'>sine</span> <span class='ocrx_word' id='word_1_294' title='bbox 1565 3148 1761 3200; x_wconf 76' lang='lat' dir='ltr'>causa,</span> <span class='ocrx_word' id='word_1_295' title='bbox 1784 3129 1982 3188; x_wconf 89' lang='lat' dir='ltr'>distin-</span> 
     </span>
     <span class='ocr_line' id='line_1_39' title="bbox 299 3207 1981 3284; baseline 0.001 -18"><span class='ocrx_word' id='word_1_296' title='bbox 299 3209 593 3284; x_wconf 84' lang='lat' dir='ltr'>guendum</span> <span class='ocrx_word' id='word_1_297' title='bbox 627 3214 716 3267; x_wconf 89' lang='lat' dir='ltr'>est</span> <span class='ocrx_word' id='word_1_298' title='bbox 745 3213 807 3266; x_wconf 88' lang='lat' dir='ltr'>et</span> <span class='ocrx_word' id='word_1_299' title='bbox 838 3207 920 3270; x_wconf 77' lang='lat' dir='ltr'>ita</span> <span class='ocrx_word' id='word_1_300' title='bbox 951 3207 1277 3278; x_wconf 85' lang='lat' dir='ltr'>dicendum,</span> <span class='ocrx_word' id='word_1_301' title='bbox 1307 3207 1489 3284; x_wconf 83' lang='lat' dir='ltr'>ipsius</span> <span class='ocrx_word' id='word_1_302' title='bbox 1518 3208 1981 3272; x_wconf 30' lang='lat' dir='ltr'>individui-hane</span> 
     </span>
    </p>
   </div>
  </div>
 </body>
</html>
