2199 3546
225 122 330 181 180
564 126 596 171 Γ
692 129 851 183 ΒΕ
877 129 1423 183 DIVINATIONE.

227 224 319 289 94.
365 226 610 288 Arabes
615 236 808 288 autem
833 237 897 287 et
928 229 1194 307 Phryges
1220 236 1280 288 et
1306 172 1531 301 Cilices,
1556 227 1715 307 qnod
1740 235 1917 311 pastu

225 310 513 387 pecudum
543 310 791 368 maxime
819 317 1075 380 utuntur,
1102 328 1337 387 campos
1370 316 1431 367 et
1460 316 1691 367 montes
1720 299 1916 369 hieme

225 396 286 448 et
316 396 530 447 aestate
566 397 946 469 peragrantes»,
972 396 1279 467 propterea
1308 388 1537 449 facilius
1568 396 1771 448 cantus
1796 391 1917 449 avi-

226 490 323 527 um
374 476 434 527 et
475 465 700 527 volatus
745 476 1103 527 notaverunt.
1188 470 1521 545 Eademque
1555 476 1615 527 et
1658 468 1917 529 Pisidiae

225 568 394 607 causa
420 550 538 607 fuit
559 557 618 607 et
643 550 778 607 huic
799 557 1028 609 nostrae
1051 548 1377 608 Umbriae..
1410 549 1563 607 Tum
1592 548 1761 609 Caria
1787 557 1917 613 tota

224 629 642 707 praecipueque
673 629 1006 701 Telmesses,
1039 648 1184 705 quos
1208 636 1350 687 ante
1382 629 1521 702 dixi,
1555 630 1725 707 quod
1744 649 1917 707 agros

224 708 543 768 uberrimos
591 709 952 787 maximeque
1000 709 1223 767 fertiles
1268 710 1548 781 incolunt,
1591 710 1653 771 in
1702 710 1939 787 quibus·

225 790 408 848 multa
439 796 678 868 propter
708 790 1128 847 fecunditatem
1158 788 1305 867 fingi
1336 790 1616 867 gignique
1648 798 1913 867 possunt,

226 870 286 927 in
313 870 558 927 ostentis
585 869 1107 927 animadvertendis
1135 869 1443 947 diligentes
1468 870 1721 929 fuerunt.

305 949 525 1008 XLIII.
611 954 705 1008 95.
749 948 894 1018 Quis
921 968 1055 1007 vero
1087 968 1209 1006 non
1235 949 1443 1009 videt
1427 969 1489 1007 ιιι
1524 951 1754 1027 optima
1778 968 1917 1027 qua-

227 1048 338 1107 que
381 1049 442 1087 re
482 1029 714 1106 publica
755 1029 1069 1107 plurimum
1112 1030 1369 1105 auspicia
1408 1036 1468 1087 et
1511 1030 1731 1111 reliqua
1770 1030 1917 1089 divi

225 1109 402 1167 nandi
429 1128 640 1187 genera
665 1109 944 1167 valuisse?
1025 1108 1169 1178 Quis
1194 1129 1295 1167 rex
1320 1128 1597 1187 umquam
1626 1106 1759 1182 fuit,
1784 1111 1915 1189 quis

224 1189 475 1267 populus
497 1189 596 1266 qui
623 1206 742 1248 non
764 1196 1020 1247 uteretur
1046 1189 1443 1282 praedictione
1460 1190 1695 1249 divina?
1724 1208 1915 1268 neque

226 1269 462 1328 solum
445 1288 505 1326 ιιι
541 1287 698 1346 pace,
729 1269 918 1339 sedin
951 1269 1106 1329 bello
1136 1269 1325 1327 multo
1358 1270 1533 1329 etiam
1568 1270 1770 1347 magis,
1795 1290 1913 1349 quo

224 1350 412 1407 maius
438 1357 560 1407 erat
586 1356 874 1407 certamen
904 1344 990 1425 [et
1017 1347 1352 1428 discrimen]
1374 1350 1599 1409 salutis,
1682 1350 1914 1410 Omitto

225 1437 468 1501 nostros,
573 1450 594 1487 1
622 1429 810 1487 nihil
793 1449 853 1487 ιιι
884 1428 1035 1488 bello
1063 1429 1187 1487 sine
1216 1431 1363 1487 extis
1387 1437 1589 1507 agunt,
1604 1450 1663 1487 n
1656 1430 1756 1489 hil
1786 1431 1914 1491 sine

224 1448 690 1587 auspicii'stld‘um
717 1508 933 1569 habent
957 1497 1255 1587 auspicia}
1300 1510 1579 1568 Externa
1600 1508 1821 1569 videam
1829 1530 1913 1569 us

226 1589 492 1667 Namque
535 1597 596 1648 et
639 1590 1027 1648 Athenienses
1074 1590 1349 1648 omnibus
1392 1607 1639 1667 semper
1666 1581 1915 1668 publicis

225 1670 478 1727 consiliis
519 1669 746 1728 divinos
794 1670 1074 1747 quosdam
1116 1670 1457 1741 sacerdotes,
1484 1690 1644 1748 quos
1686 1670 1915 1747 μάντεις

224 1756 450 1822 vocant,
485 1750 886 1823 adhibuerunt,
931 1757 990 1810 et
1037 1749 1479 1810 Lacedaemonii
1520 1750 1752 1828 regibus
1792 1758 1914 1813 suis

225 1847 501 1908 augurem
527 1832 876 1889 adsessorem
909 1831 1208 1902 dederunt,
1230 1831 1491 1909 itemqu-e
1507 1832 1911 1892 ''senibus—sic

226 1911 380 1968 enim
410 1911 709 1969 consilium
740 1911 1035 1990 publicum
1065 1911 1715 1990 appellant—augurem
1742 1912 1914 1970 inter·

227 2009 347 2049 esse
375 1992 692 2064 voluerunt,
716 1991 1009 2068 iidemque
1036 1990 1109 2048 de
1126 1990 1307 2049 rebus
1339 1991 1657 2052 maioribus
1688 2011 1915 2069 semper

227 2079 326 2129 aut
365 2071 611 2149 Delphis
643 2072 934 2129 oraculum
971 2078 1072 2129 aut
1112 2068 1187 2128 ab
1227 2071 1559 2130 Hammone
1592 2080 1694 2130 aut
1722 2091 1761 2130 a
1790 2071 1913 2130 Do-

227 2151 382 2208 dona
407 2151 696 2228 petebant.
782 2157 876 2210 96.
912 2151 1211 2229 Lycurgus
1232 2152 1484 2229 quidem,
1508 2152 1609 2230 qui
1634 2151 1915 2212 Lacedae-

225 2231 554 2290 moniorum
583 2251 704 2288 rem
737 2231 1028 2308 publicam
1061 2232 1421 2310 temperavit,
1444 2232 1601 2310 leges
1626 2251 1759 2292 suas
1784 2251 1915 2290 auc-

226 2311 460 2369 toritate
491 2309 782 2388 Apollinis
812 2311 1088 2389 Delphici
1130 2311 1505 2372 confirmavit.
1572 2311 1747 2382 Quas
1777 2331 1911 2370 cum

228 2389 398 2449 vellet
445 2389 740 2468 Lysander
785 2399 1157 2464 commutare,
1196 2392 1397 2456 ,eadem
1447 2399 1535 2451 est
1582 2391 1914 2470 prohibitus

227 2470 517 2548 religione.
602 2471 799 2549 Atque
841 2471 1033 2544 etiam,
1064 2473 1166 2549 qui
1205 2480 1505 2549 praeerant
1535 2471 1915 2532 Lacedaemo-

226 2551 355 2622 niis,
399 2569 516 2608 non
567 2552 826 2610 contenti
873 2551 1245 2629 vigilantibus
1292 2553 1441 2611 curis
1489 2553 1550 2610 in
1592 2551 1912 2630 Pasiphaae

147 2635 164 2650 ³
225 2632 382 2701 sanc,
424 2631 581 2709 quod
626 2639 714 2690 est
757 2632 815 2690 in
861 2651 1000 2709 agro
1043 2639 1283 2710 propter
1324 2632 1544 2704 urbem,
1584 2630 1913 2690 somniandi

227 2729 396 2769 causa
423 2710 788 2783 incubabant,
815 2713 948 2789 quia
970 2731 1101 2770 vcra
1122 2713 1331 2789 quietis
1352 2712 1581 2771 oracula
1606 2711 1909 2772 ducebant.

229 2791 322 2850 97.
367 2791 472 2849 Ad·
493 2799 692 2850 nostra
717 2791 833 2850 iam
861 2791 1050 2850 redeo,
1123 2791 1405 2861 Quotiens
1432 2800 1663 2852 senatus
1690 2791 1913 2852 decem-

227 2872 380 2930 viros
411 2871 488 2929 ad
527 2870 704 2930 libros
735 2873 818 2930 ire
851 2872 1034 2944 iussit,
1060 2873 1291 2950 quantis
1323 2873 1383 2930 in
1416 2873 1589 2932 rebus
1622 2889 1913 2951 quamque

228 2971 396 3030 saepe
437 2952 726 3029 responsis
771 2951 1137 3030 haruspicum
1182 2952 1403 3029 paruit!
1486 2953 1637 3022 Nam
1680 2959 1739 3012 et
1779 2971 1911 3010 cum

228 3032 344 3092 duo
371 3031 480 3090 visi
513 3032 661 3090 soles
689 3039 877 3090 essent
909 3041 969 3090 et
1001 3051 1130 3089 eum
1162 3041 1279 3090 tres
1303 3033 1473 3092 lunae
1500 3040 1561 3092 et
1592 3053 1727 3091 cum
1758 3033 1915 3089 faces

225 3118 288 3170 et
313 3131 446 3170 cum
475 3112 560 3169 sol
589 3118 760 3170 nocte
788 3112 942 3169 visus
969 3119 1119 3169 esset
1152 3118 1211 3169 et
1238 3131 1371 3170 cum
1399 3132 1432 3172 e
1460 3113 1617 3172 caelo
1646 3113 1915 3170 fremitus

227 3190 459 3250 auditus
486 3197 546 3249 et
569 3209 706 3250 cum
733 3191 953 3250 caelum
979 3190 1307 3250 discessisse
1326 3193 1517 3251 visum
1536 3199 1625 3250 est
1650 3198 1824 3268 atque
1850 3189 1915 3247 in
