2199 3546
251 120 348 167 222
675 136 682 139 ·
778 118 878 167 DE
911 116 1411 168 DIVINATIONE.

249 219 322 289 10,
348 218 650 276 simulacra
681 225 817 277 sunt
843 218 1247 295 auspiciorum,
1272 218 1526 295 auspicia
1551 218 1711 277 nullo
1738 220 1935 279 modo,

249 298 536 357 XXXIV.
565 298 599 326 “
617 298 685 367 Q.
704 298 868 369 FAm,
886 318 958 355 ΤΕ
983 318 1122 355 mm
1145 318 1211 365 m
1232 317 1516 363 Ausmcm
1540 316 1685 355 assu
1705 318 1866 357 voto
1882 299 1935 357 :”

248 378 558 455 respondet
590 380 622 404 ‘⁴
645 378 930 436 AUDIV1.”
999 378 1115 435 Hic
1144 378 1300 455 apud
1327 378 1571 435 maiores
1592 386 1820 435 nostros
1841 380 1940 437 ad-

247 458 552 516 hibebatur
600 458 834 535 petitus»,
873 478 1024 515 nunc
1082 457 1339 534 quilibet,
1424 457 1685 516 Peritum
1741 466 1936 517 autem

247 558 368 597 csse
411 556 638 596 necesse
672 545 759 595 est
791 558 941 609 eum,
974 538 1072 614 qui
1108 537 1399 595 silentium
1435 538 1575 615 quid
1610 538 1686 595 sit
1718 537 1941 597 intelle-

245 626 378 695 gat:
426 618 487 675 id
529 620 685 676 enim
728 617 1019 676 silentium
1064 617 1311 675 dicimus
1352 618 1413 675 in
1454 618 1740 695 auspiciiS,
1778 618 1938 696 quod

246 699 407 756 omni
450 698 592 757 vitio
633 706 801 756 caret.
889 697 982 755 72.
1034 697 1169 755 Hoc
1202 697 1532 774 intellegere
1565 698 1809 775 perfecti
1840 718 1940 757 au-

244 778 404 855 guris
445 786 545 835 est.
633 777 725 835 Illi
767 785 978 849 autem,
1011 778 1112 854 qui
1146 778 1207 834 in
1248 778 1569 856 auspicium
1610 778 1934 851 adhibetur,

245 877 376 915 cum
404 858 488 915 ita
514 858 818 935 imperavit
839 859 904 931 is,
926 858 1028 935 qui
1055 858 1415 935 auspicatur:
1463 856 1752 928 “Drcer
1774 877 1829 915 s1
1858 877 1938 917 ει·

245 956 513 996 nnnntm
549 958 694 997 nssn
730 938 1114 1007 vmnsrrmzss‘
1146 957 1251 995 nec
1285 936 1527 1014 suspicit
1560 957 1665 995 nec
1697 938 1938 996 circum-

243 1018 450 1094 spicit:
493 1020 688 1076 statim
718 1018 1028 1095 respondet
1058 1018 1092 1045 ‘⁴
1114 1017 1450 1075 Summum
1487 1036 1633 1077 Essa
1663 1017 1933 1076 vmnm.”

243 1096 392 1153 Tum
436 1098 564 1155 ille:
613 1098 904 1169 “D1o1r0,
931 1117 986 1155 s1
1030 1097 1438 1156 rAsoUNwa'’
1464 1142 1478 1155 .
1510 1141 1523 1155 .
1556 1142 1571 1155 .
1606 1097 1640 1124 ‘⁴
1660 1094 1937 1157 PAsom'w-

242 1174 412 1237 1151st
435 1220 448 1233 .
475 1220 488 1233 .
513 1220 528 1253 .-
555 1176 714 1245 Quae
767 1180 937 1235 aves?
995 1186 1096 1235 aut
1142 1178 1277 1236 ubi?
1359 1177 1596 1250 Attulit,
1633 1177 1842 1254 inquit,
1872 1178 1935 1235 in

243 1274 414 1313 cavea
447 1256 636 1332 pullos
673 1257 738 1328 is,
764 1258 862 1334 qui
897 1276 972 1315 ex
1005 1277 1074 1315 eo
1109 1258 1237 1334 ipso
1271 1257 1603 1315 nominatur
1640 1257 1931 1335 pullarius.

243 1335 372 1393 Hae
399 1344 535 1393 sunt
561 1336 740 1413 igitur
767 1356 898 1395 aves
919 1337 1306 1395 internuntiae
1334 1334 1509 1408 Iovis,
1534 1356 1679 1415 quae
1702 1356 1937 1415 pascan-

242 1423 338 1473 tur
365 1435 544 1475 necne
574 1417 714 1494 quid
741 1418 954 1475 refert?
1035 1418 1199 1475 Nihil
1226 1418 1303 1475 ad
1322 1417 1610 1495 auspicia:
1655 1417 1757 1475 scd
1778 1417 1931 1495 quia,

239 1514 375 1561 cum
408 1504 736 1573 pascuntur,
766 1516 995 1555 necesse
1029 1504 1116 1555 est
1149 1497 1369 1574 aliquid
1402 1517 1471 1556 ex
1507 1517 1605 1555 ore
1640 1496 1840 1555 cadere
1874 1505 1935 1556 et

241 1582 452 1633 terram
492 1577 703 1653 pavire,
733 1577 1103 1653 terripavium
1143 1577 1351 1654 prim0,
1380 1586 1516 1654 post
1550 1576 1932 1655 terripudium

241 1655 463 1714 dictum
519 1665 636 1714 est:
699 1655 811 1714 hoc
861 1657 1095 1733 quidem
1151 1658 1268 1714 iam
1322 1657 1645 1735 tripudium
1702 1657 1927 1715 dicitur.

242 1734 392 1794 Cum
425 1736 603 1813 igitur
635 1737 754 1794 offa
785 1736 994 1795 cecidit
1026 1755 1096 1794 ex
1132 1756 1231 1796 ore
1262 1736 1423 1816 pulli,
1448 1743 1575 1795 tum
1609 1737 1933 1816 auspicanti

240 1816 560 1893 tripudium
583 1817 928 1875 solistimum
947 1819 1260 1876 nuntiatur.
1328 1815 1589 1877 XXXV.
1649 1818 1743 1876 73.
1772 1817 1932 1895 Ergo

239 1895 352 1954 hoc
384 1897 700 1974 auspicium
735 1897 918 1956 divini
953 1898 1261 1975 quicquam
1293 1897 1503 1956 habere
1540 1905 1735 1975 potest
1772 1898 1931 1975 quod

240 1982 358 2033 tam
393 1977 470 2034 sit
502 1984 761 2035 coactum
793 1985 852 2035 et
885 1978 1253 2054 expressum?
1333 1977 1463 2048 Quo
1496 1978 1931 2056 antiquissimos

241 2074 482 2132 augures
503 2075 621 2114 non
651 2077 772 2114 esse
800 2077 932 2115 usos
959 2063 1300 2134 argumento
1329 2064 1433 2134 est,
1455 2057 1612 2136 quod
1634 2058 1929 2117 decretum

240 2135 466 2212 collegii
502 2144 664 2194 vetus
697 2136 974 2194 habemus
1015 2155 1249 2194 omnem
1290 2157 1452 2196 avem
1491 2137 1814 2220 tripudium
1845 2139 1931 2196 fa·

239 2233 365 2272 cere
393 2234 576 2290 posse.
652 2216 803 2273 Tum
829 2216 1007 2292 igitur
1033 2224 1183 2276 esset
1203 2217 1541 2296 auspicium,
1564 2218 1616 2275 si
1641 2217 1818 2276 modo
1847 2237 1930 2276 es-

239 2302 328 2350 set
359 2294 414 2351 ei
441 2294 684 2352 liberum
712 2315 772 2352 sc
805 2296 1139 2368 ostendisse,
1162 2303 1291 2356 tum
1318 2297 1440 2356 avis
1464 2297 1565 2356 illa
1590 2297 1771 2356 videri
1798 2317 1929 2374 pos-

239 2379 327 2430 set
355 2374 634 2450 interpres
665 2381 724 2432 ct
752 2375 974 2433 satelles
1003 2376 1174 2436 Iovis,
1256 2375 1430 2436 Nunc
1456 2396 1591 2436 vero
1618 2377 1839 2437 inclusa
1864 2378 1925 2434 in

241 2471 412 2512 cavea
443 2461 503 2511 ct
535 2454 692 2512 fame
723 2461 924 2512 enecta
955 2455 1005 2513 si
1030 2457 1093 2514 in
1128 2456 1306 2515 offam
1334 2456 1513 2536 pultis
1540 2457 1763 2516 invadit
1790 2463 1850 2515 et
1876 2456 1926 2513 si

238 2532 457 2609 aliquid
478 2552 546 2590 ex
569 2553 666 2591 ore
687 2534 911 2606 cecidit,
930 2534 1042 2608 hoc
1063 2543 1131 2593 tu
1142 2537 1470 2614 auspicium
1493 2544 1594 2595 aut
1613 2536 1727 2596 hoc
1746 2535 1925 2594 modo

240 2611 551 2671 Romulum
573 2615 853 2692 auspicari
881 2615 1116 2672 solitum
1137 2618 1345 2693 putas?
1429 2617 1520 2674 74.
1558 2615 1682 2674 Iam
1702 2613 1776 2675 de
1806 2635 1927 2674 cae-

237 2692 296 2748 lo
330 2711 548 2750 servare
590 2712 707 2751 non
740 2693 899 2771 ipsos
939 2713 1135 2752 censes
1176 2695 1393 2767 solitos,
1423 2697 1526 2774 qui
1557 2695 1927 2775 auspicaban-

237 2772 368 2830 tur?
448 2772 618 2830 Nunc
645 2774 931 2850 imperant
959 2774 1235 2851 pullario:
1280 2775 1375 2833 ille
1407 2777 1713 2834 renuntiat.
1798 2775 1926 2835 Ful-

237 2868 372 2907 men
405 2851 699 2910 sinistrum
733 2854 1050 2930 auspicium
1080 2854 1369 2930 optimum
1396 2854 1676 2913 habemus
1703 2849 1778 2912 ad
1804 2874 1926 2914 om-

237 2947 339 2987 nes
364 2949 454 2988 res
481 2939 880 3010 praeterquam
908 2933 981 2990 ad
1009 2933 1277 2992 comitia:
1322 2934 1479 3012 quod
1508 2934 1745 3012 quidem
1764 2933 1926 2992 insti·

236 3015 430 3066 tutum
470 3011 552 3068 rei
585 3011 847 3088 publicae
887 3031 1057 3070 causa
1097 3019 1199 3085 est,
1229 3020 1297 3071 ut
1330 3014 1697 3072 comitiorum
1738 3013 1827 3071 vel
1861 3012 1923 3072 in

236 3086 464 3146 iudiciis
491 3091 694 3168 populi
726 3091 816 3150 vel
844 3091 906 3149 in
931 3091 1056 3149 iure
1081 3091 1276 3169 legum
1309 3092 1398 3151 vel
1424 3093 1486 3151 in
1513 3092 1774 3170 creandis
1806 3111 1924 3152 ma·

239 3165 570 3240 egisti-atibus
597 3170 885 3248 principes
911 3170 1160 3236 civitatis
1186 3177 1376 3232 essent
1400 3172 1755 3250 interpretes.
1837 3172 1925 3231 At
