2199 3546
551 153 690 204 LIB.
719 154 788 214 1.,
815 152 974 202 CAP.
1000 153 1407 218 xlm-XLIII„
1434 155 1465 216 ᾗ
1496 159 1737 209 115-121.
1921 162 1987 212 48

296 255 385 313 tio
413 260 662 314 maxime
683 262 926 314 tractata
952 256 1024 314 ab
1045 257 1371 315 Euhemero
1392 265 1497 330 est,
1514 279 1686 336 quem
1712 268 1909 321 noster
1926 269 1987 322 et

296 335 706 412 interpretatus
747 343 806 393 et
839 343 1066 394 secutus
1108 345 1196 394 est
1226 345 1453 415 praeter
1484 346 1703 397 ceteros
1744 341 1981 400 Ennius

295 415 395 473 Ab
418 415 742 473 Euhemero
771 423 965 474 autem
993 423 1052 474 et
1072 424 1289 474 mortes
1316 425 1375 475 et
1402 419 1725 494 sepulturae
1752 421 1986 479 demon-

296 502 550 554 strantur
571 496 826 554 deorum.
896 495 1110 554 Utrum
1136 497 1315 574 igitur
1334 496 1428 554 hic
1449 498 1811 558 confirmasse
1832 501 1984 559 vide-

295 582 392 633 tur
418 575 754 653 religionem
785 595 858 633 an
885 576 1119 652 penitus
1145 583 1331 633 totam
1360 577 1689 637 sustulisse?
1756 580 1983 639 Omitto

293 653 582 727 Eleusina,
603 662 859 713 sanctam
885 655 1045 714 illam
1073 663 1133 713 et
1160 663 1480 733 augustam,

556 783 660 834 Ubi
685 782 946 832 initiantur
971 790 1147 844 gentes
1171 798 1371 832 orarum
1397 783 1619 848 ultimae,

291 909 588 979 praetereo
617 901 1071 959 Samothraciam
1103 920 1281 979 eaque
1304 921 1449 979 quae
1477 902 1682 961 Lemni

553 1031 816 1080 Nocturno
842 1030 980 1079 aditu
1008 1030 1201 1079 occulta
1229 1030 1475 1094 coluntur,

618 1096 933 1146 Silvestribus
958 1097 1186 1159 saepibus
1216 1095 1387 1146 densa.

289 1213 514 1284 Quibus
563 1215 862 1294 explicatis
910 1215 986 1272 ad
1028 1215 1426 1292 rationemque
1475 1216 1753 1275 revocatis
1790 1237 1979 1276 rerum

287 1296 474 1371 magis
500 1302 704 1354 natura
730 1295 1099 1372 cognoscitur
1126 1314 1299 1372 quam
1327 1295 1582 1354 deorum.

369 1375 587 1433 XLIII.
663 1381 794 1433 120.
827 1374 973 1432 Mihi
1007 1375 1243 1453 quidem
1276 1375 1452 1432 etiam
1480 1375 1866 1448 DemocrituS‚
1890 1377 1979 1435 vir

287 1473 532 1532 magnus
565 1456 625 1513 in
659 1455 878 1532 primia
903 1455 1066 1512 cuius
1099 1454 1364 1512 fontibus
1398 1455 1683 1532 Epicurus
1715 1455 1977 1514 hortulos

287 1553 422 1592 suos
476 1535 750 1612 irrigavit,
800 1542 1002 1592 nutare
1055 1534 1285 1592 videtur
1339 1535 1400 1592 in
1453 1541 1660 1593 natura
1714 1535 1971 1594 deorum.

285 1613 439 1672 Tum
499 1615 654 1672 enim
723 1621 918 1672 censet
978 1614 1259 1691 imagines
1320 1615 1623 1673 divinitate
1686 1615 1975 1692 praeditas

285 1693 470 1752 inesse
501 1695 565 1752 in
605 1694 974 1753 universitate
1015 1713 1224 1765 rerum,
1255 1701 1380 1752 tum
1414 1695 1699 1772 principia
1741 1695 1969 1765 mentis,

285 1794 430 1853 quae
473 1782 608 1833 sunt
647 1775 710 1832 in
749 1775 954 1833 eodem
997 1773 1280 1848 universe,
1310 1775 1450 1833 deos
1491 1794 1611 1833 esse
1654 1775 1812 1846 dicit,
1842 1782 1971 1831 tum

284 1856 605 1913 animantes
635 1854 933 1932 imagines,
961 1872 1105 1931 quae
1139 1854 1227 1912 vel
1263 1854 1531 1932 prodesse
1572 1854 1742 1911 nobis
1784 1853 1971 1911 solent

283 1934 372 1992 vel
406 1954 626 2006 nocere,
656 1941 786 1993 tum
819 1936 1082 2011 ingentes
1126 1935 1403 2011 quasdam
1444 1934 1727 2010 imagines
1759 1940 1972 1991 tantas-

284 2032 412 2091 que,
437 2022 502 2071 ut
529 2015 856 2072 uuiversum
890 2013 1175 2071 mundum
1210 2014 1667 2091 complectantur
1700 2014 1971 2070 extrinse-

283 2112 398 2152 cuS.
485 2093 644 2163 Quae
693 2094 926 2172 quidem
980 2093 1177 2151 omnia
1229 2100 1365 2151 sunt
1411 2092 1599 2170 patria
1644 2092 1969 2151 Democriti

283 2193 458 2251 quam
505 2174 844 2232 Democrito
893 2173 1174 2249 digniora.
1264 2178 1395 2230 121.
1442 2171 1585 2241 Quis
1634 2172 1789 2229 enim
1830 2172 1969 2229 istas

279 2254 562 2331 imagines
603 2253 1084 2331 comprehendere
1132 2252 1327 2310 animo
1370 2258 1580 2329 potest,
1617 2252 1745 2329 quis
1790 2252 1970 2309 admi-

279 2334 410 2406 rari,
448 2334 576 2411 quis
619 2341 720 2391 aut
763 2334 921 2391 cultu
965 2340 1066 2390 aut
1116 2332 1389 2409 religione
1434 2332 1639 2409 dignas
1680 2331 1969 2406 iudicare?

280 2412 563 2491 Epicurus
591 2432 725 2471 vero
753 2432 823 2471 ex
857 2413 1064 2470 animis
1091 2412 1396 2470 hominum
1424 2412 1669 2470 extraxit
1696 2411 1969 2469 radicitus

279 2493 636 2570 religionem,
668 2512 799 2550 cum
842 2493 932 2550 dis
974 2491 1397 2550 immortalibus
1438 2499 1498 2549 et
1540 2511 1712 2569 opem
1754 2498 1813 2549 et
1844 2509 1969 2567 gra·

279 2572 422 2630 tiam
457 2572 703 2630 sustulit.
789 2571 976 2641 Quem
1009 2573 1168 2629 enim
1202 2573 1482 2649 optimam
1518 2578 1577 2629 et
1604 2570 1969 2649 praestantis-

279 2653 487 2709 simam
527 2660 787 2710 naturam
832 2653 926 2709 dei
968 2652 1124 2709 dicat
1162 2670 1300 2723 esse,
1330 2657 1505 2727 negat
1544 2651 1700 2708 idem
1742 2669 1863 2707 esse
1904 2649 1965 2707 in

279 2732 390 2789 deo
417 2732 679 2809 gratiam.
763 2732 942 2789 Tollit
974 2732 1036 2789 id
1073 2730 1229 2808 quod
1263 2732 1511 2788 maxime
1543 2730 1844 2808 proprium
1876 2736 1966 2787 est

279 2812 536 2889 optimae
583 2812 1217 2890 praestantissimaeque
1270 2817 1521 2868 naturae.
1607 2808 1763 2878 Quid
1810 2809 1966 2866 enim

278 2899 365 2949 est
398 2891 603 2949 melius
643 2898 744 2949 aut
776 2891 919 2969 quid
949 2890 1332 2967 praestantius
1368 2888 1625 2947 bonitate
1668 2896 1729 2946 et
1759 2886 1969 2945 benefi-

277 2972 502 3029 centia?
585 2970 713 3041 Qua
739 2990 871 3029 cum
900 2990 1088 3028 carere
1118 2970 1292 3028 deum
1320 2969 1510 3039 vultiS,
1536 2967 1828 3025 neminem
1855 2966 1966 3023 deo

277 3066 382 3109 nec
411 3052 585 3109 deum
607 3069 711 3109 nec
738 3050 1036 3108 hominem
1065 3068 1277 3121 carum,
1299 3048 1592 3105 neminem
1620 3046 1691 3105 ab
1722 3064 1789 3103 eo
1818 3064 1969 3103 ama·

277 3131 342 3201 ri,
375 3132 669 3189 neminem
705 3130 871 3207 diligi
903 3129 1092 3187 vultis,
1178 3128 1273 3185 Ita
1304 3126 1372 3185 fit
1404 3133 1471 3184 ut
1504 3145 1623 3183 non
1655 3125 1833 3184 modo
1866 3124 1968 3182 ho-

277 3211 462 3269 mines
490 3230 526 3269 a
551 3210 656 3283 dis,
679 3210 780 3269 sed
807 3209 920 3287 ipsi
947 3209 1010 3266 di
1029 3209 1181 3267 inter
1210 3226 1269 3265 se
1290 3206 1365 3266 ab
1392 3206 1519 3265 aliis
1546 3205 1644 3264 alii
1665 3206 1967 3281 neglegan-
