2199 3546
513 148 654 200 LIB.
687 147 784 210 11.‚
811 148 970 200 CAP.
991 147 1493 210 xxm-xxva„
1516 146 1547 207 9
1568 149 1748 199 64-70.
1918 151 1981 200 71

293 257 358 310 ta
382 256 484 310 est.
551 250 678 308 Iam
709 250 809 328 qui
839 250 874 280 ‘⁴
892 269 1105 328 magna
1130 249 1425 308 verteret”
1456 249 1699 322 Mavors,
1725 248 1985 309 Minerva

293 337 485 390 autem
517 350 663 408 quae
692 331 780 388 vel
811 332 846 358 ‘⁴
865 330 1203 389 minueret'’
1233 331 1321 388 vel
1352 328 1774 388 “minaretur.”

375 409 634 468 XXVII.
672 410 938 488 Cumque
967 411 1028 468 in
1063 410 1333 468 omnibus
1360 410 1529 468 rebus
1555 410 1674 468 vim
1706 410 1985 469 haberent

255 533 262 538 -
291 491 605 548 maximam
637 491 824 568 prima
849 497 910 548 et
937 497 1208 562 extrema,
1232 490 1553 568 principem
1580 491 1641 548 in
1670 490 1984 548 sacrifican-

293 571 373 628 do
403 570 606 628 Ianum
641 590 762 628 esse
791 570 1113 642 voluerunt,
1137 570 1295 648 quod
1328 570 1402 628 ab
1436 570 1733 628 “eundo’'
1768 589 1983 628 nomen

293 658 384 708 est
409 650 667 720 ductum,
687 669 756 708 ex
780 669 896 728 quo
915 650 1285 708 transitiones
1304 650 1535 727 perviae
1564 651 1598 678 ‘⁴
1616 649 1733 707 iani
1751 650 1785 678 '’
1808 651 1985 709 fores-

294 749 408 808 que
440 730 502 787 iu
536 729 834 788 liminibus
865 730 1238 808 profanarum
1273 730 1504 788 aedium
1539 731 1573 758 ‘⁴
1592 730 1797 788 ianuae
1814 728 1847 758 ”
1884 749 1985 788 no-

291 811 605 868 minantur.
674 808 826 867 Nam
849 810 1062 869 Vestae
1081 829 1293 868 nomen
1324 829 1360 867 a
1386 809 1617 868 Graecis
1645 817 1765 868 est:
1809 829 1877 868 ea
1896 816 1985 868 est

291 890 470 960 enim,
491 907 636 968 quae
663 889 736 948 ab
757 890 872 947 illis
889 888 1082 948 Ἐστία
1111 889 1338 948 dicitur.
1401 889 1510 946 Vis
1538 898 1730 947 autem
1760 889 1881 948 eius
1908 891 1982 948 ad

290 989 420 1027 aras
449 977 508 1028 et
532 970 698 1028 focos
725 969 991 1047 pertinet.
1061 969 1267 1047 Itaque
1292 970 1355 1028 iu
1382 989 1451 1027 ea
1475 970 1599 1040 dea,
1622 989 1767 1047 quae
1794 978 1881 1028 est
1902 989 1985 1029 re-

259 1091 263 1095 -
291 1069 424 1107 rum
452 1056 646 1108 custos
672 1049 1026 1121 intimarum,
1045 1051 1237 1108 omnis
1264 1057 1324 1107 et
1343 1049 1597 1127 precatio
1626 1059 1685 1108 et
1713 1050 1985 1108 sacrifica-

291 1130 380 1187 tio
409 1137 666 1188 extrema
690 1137 794 1189 est.
882 1136 974 1189 68.
1012 1130 1137 1188 Nec
1162 1129 1337 1207 longe
1363 1129 1573 1188 absunt
1598 1129 1673 1187 ab
1701 1130 1808 1187 hac
1836 1131 1893 1187 vi
1917 1130 1983 1188 di

290 1208 546 1268 Penates
571 1210 690 1268 sive
721 1229 757 1267 a
774 1229 930 1284 penu
955 1210 1137 1269 ducto
1169 1210 1575 1268 nomine-est
1600 1210 1757 1271 enim
1791 1229 1980 1281 omne,

261 1331 268 1336 -
291 1308 412 1366 quo
430 1298 738 1360 vescuntur
757 1289 1038 1362 homines,
1059 1290 1441 1368 penus—sive
1462 1289 1537 1347 ab
1556 1309 1643 1362 e0‚
1666 1290 1824 1368 quod
1842 1292 1877 1318 ‘⁴
1889 1309 1985 1368 pe-

291 1369 456 1428 nitus
471 1368 505 1397 ’'
528 1369 816 1430 insident:
861 1389 930 1428 ex
952 1390 1068 1448 quo
1091 1371 1266 1428 etiam
1288 1370 1325 1399 ‘⁴
1343 1370 1662 1448 penetrales
1678 1369 1713 1396 ”
1736 1390 1771 1428 a
1790 1371 1985 1448 poetis

292 1457 587 1508 vocantur.
665 1449 789 1508 Iam
821 1449 1109 1527 Apollinis
1137 1469 1347 1509 nomen
1378 1458 1465 1509 est
1490 1449 1789 1522 Graecum,
1811 1469 1982 1527 quem

261 1572 268 1576 -
293 1528 488 1588 Solem
519 1549 642 1588 esse
663 1529 882 1601 volunt,
901 1530 1152 1588 Dianam
1180 1537 1373 1588 autem
1396 1538 1455 1588 et
1476 1529 1696 1588 Lunam
1742 1529 1983 1588 eandem

293 1629 417 1668 esse
443 1618 688 1688 putant:
731 1629 862 1668 cum
893 1609 994 1668 Sol
1021 1611 1213 1669 dictus
1240 1611 1332 1682 sit,
1352 1611 1441 1668 vel
1465 1611 1601 1688 quia
1629 1611 1664 1640 ‘⁶
1684 1609 1839 1667 solus
1856 1609 1889 1636 ”
1914 1629 1983 1667 ex

265 1733 270 1738 .
293 1691 566 1748 omnibus
583 1690 865 1748 sideribus
881 1698 970 1748 est
988 1697 1186 1750 tantus
1202 1690 1289 1749 vel
1308 1691 1459 1769 quia,
1480 1709 1611 1748 cum
1630 1697 1717 1748 est
1734 1697 1983 1763 exortus,

293 1769 614 1830 obscuratis
642 1770 912 1829 omnibus
933 1771 970 1801 ‘⁴
985 1769 1188 1830 solus''
1218 1779 1471 1849 apparet,
1494 1769 1656 1829 Luna
1682 1790 1718 1829 a
1744 1770 1780 1801 “
1797 1770 1987 1829 lucen-

264 1849 425 1907 -do”
459 1851 762 1909 nominata
785 1852 896 1910 sit:
929 1851 1131 1911 eadem
1161 1858 1249 1910 est
1268 1852 1423 1909 enim
1453 1851 1685 1910 Lucina.
1763 1850 1983 1929 Itaque,

293 1938 360 1989 ut
379 1930 540 2010 apud
560 1931 810 1991 Graecos
829 1930 1078 1989 Dianam
1102 1950 1343 2010 eamque
1365 1931 1705 2001 Luciferam,
1726 1931 1809 1989 sic
1830 1930 1984 2008 apud

293 2020 526 2070 nostros
543 2011 826 2071 Iunonem
842 2012 1119 2070 Lucinam
1134 2012 1195 2069 iu
1214 2011 1491 2088 pariendo
1510 2012 1808 2069 invocant:
1840 2030 1987 2087 quae

294 2090 498 2151 eadem
519 2091 712 2149 Diana
734 2091 769 2123 “
787 2090 1142 2169 omnivaga’'
1166 2092 1392 2162 dicitur,
1414 2110 1529 2149 non
1554 2110 1589 2147 a
1610 2091 1645 2121 ‘⁴
1664 2090 1987 2161 venando‚”

294 2170 394 2227 sed
427 2172 589 2250 quod
623 2172 684 2229 in
717 2180 938 2249 septem
971 2179 1306 2230 numeratur
1342 2179 1638 2248 tamquam
1675 2172 1709 2199 “
1733 2171 1988 2249 vaganti-

294 2247 456 2309 bus.’'
537 2257 631 2311 69.
662 2251 856 2310 Diana
880 2252 1052 2324 dicta,
1077 2253 1213 2330 quia
1239 2258 1416 2311 noctu
1445 2251 1606 2329 quasi
1628 2251 1782 2309 diem
1806 2250 1987 2309 effice-

295 2337 396 2389 ret.
454 2331 790 2391 Adhibetur
810 2340 1001 2391 autem
1024 2333 1094 2390 ad
1114 2340 1330 2411 partus,
1352 2332 1509 2411 quod
1529 2332 1570 2390 ii
1596 2339 1986 2389 maturescunt

295 2417 395 2467 aut
423 2420 646 2489 septem
676 2431 796 2471 non
823 2429 1139 2491 numquam
1168 2420 1285 2484 aut,
1305 2421 1371 2471 ut
1398 2412 1750 2490 plerumque,
1775 2430 1982 2469 novem

296 2487 464 2549 lunae
481 2492 758 2565 cursibus,
771 2493 870 2570 qui
889 2494 1023 2569 quia
1038 2512 1239 2551 mensa
1252 2494 1438 2569 spatia
1455 2492 1987 2562 conficiunt‚“men·

297 2569 437 2627 ses’'
468 2573 857 2631 nominantur.
935 2573 1365 2651 concinneque,
1382 2581 1449 2631 ut
1476 2572 1677 2643 multa,
1696 2572 1983 2642 Timaeus,

299 2650 399 2724 qui
427 2653 642 2710 cumin
666 2653 908 2711 historia
933 2653 1187 2724 dixisset,
1208 2672 1323 2731 qua
1348 2660 1517 2711 nocte
1543 2660 1713 2710 natus
1740 2652 1987 2708 Alexan-

299 2727 401 2786 der
427 2740 594 2802 esset‚
614 2733 812 2790 eadem
842 2731 1064 2791 Dianae
1091 2733 1375 2810 Ephesiae
1402 2733 1686 2811 templum
1715 2731 1987 2807 deflagra-

299 2808 464 2882 visse‚
488 2812 752 2871 adiunxit
777 2814 1020 2871 minime
1051 2814 1113 2871 id
1142 2832 1263 2871 esse
1296 2813 1640 2882 mirandum,
1665 2812 1823 2889 quod
1850 2811 1987 2868 Dia-

299 2904 390 2959 na,
409 2909 542 2949 cum
577 2892 638 2949 in
672 2900 840 2970 partu
873 2893 1239 2971 Olympiadis
1272 2894 1468 2951 adesse
1500 2893 1789 2961 voluisset,
1814 2892 1987 2948 afuis-

301 2974 389 3024 set
407 2970 602 3031 domo.
674 2973 832 3041 Quae
861 2981 1052 3031 autem
1081 2974 1193 3031 dea
1218 2974 1291 3031 ad
1312 2992 1401 3031 res
1430 2992 1629 3031 omnes
1658 2972 1693 2999 ‘²
1710 2968 1983 3040 veniret,'’

301 3042 586 3109 Venerem
610 3054 792 3110 nost-ri
810 3054 1253 3111 nominaverunt
1270 3062 1442 3131 atque
1464 3072 1533 3110 ex
1556 3072 1622 3110 ea
1638 3052 1834 3129 potius
1853 3050 1988 3105 “ve-

301 3132 542 3187 nustas’'
562 3153 733 3210 quam
761 3132 1048 3191 “Venus’'
1078 3154 1147 3191 ex
1171 3140 1483 3191 venustate.
1553 3130 1841 3189 XXVIII.
1891 3128 1985 3185 70.

303 3200 604 3271 Videtisne
626 3213 805 3291 igitur
831 3220 898 3274 ut
925 3234 960 3271 a
984 3214 1243 3295 physicis
1268 3215 1437 3274 rebus
1465 3213 1609 3272 bene
1636 3221 1809 3290 atque
1837 3205 1994 3266 utili-
