2199 3546
738 165 876 215 LIB.
906 165 973 227 1.,
1001 165 1161 214 CAP.
1190 167 1255 226 1.,
1284 165 1385 226 11.,
1408 165 1575 226 §1—4.
1908 165 2001 218 14⁷

313 274 536 328 caretur
555 267 866 326 memoriae
888 266 1282 345 prodiderunt.
1346 265 1475 336 Qua
1493 267 1554 324 in
1578 267 1815 325 natione
1834 267 2004 325 Chal-

313 349 444 406 daei
477 367 593 405 non
638 367 707 405 ex
741 348 895 418 artis,
927 347 1028 405 sed
1063 366 1134 404 ex
1175 347 1367 424 gentis
1398 347 1681 405 vocabulo
1714 348 2003 420 nominati

315 429 586 486 diuturna
635 427 1033 485 observatione
1081 427 1336 484 siderum
1385 427 1683 485 scientiam
1725 434 2004 504 putantur

314 509 586 578 effecisse,
612 517 678 565 ut
708 507 964 584 praedici
998 515 1196 584 posset
1230 507 1373 585 quid
1414 508 1621 584 cuique
1662 514 2002 565 eventurum

313 596 376 646 et
419 608 533 666 quo
581 588 824 666 quisque
864 588 989 644 fato
1034 593 1207 645 natus
1247 593 1411 645 esset.
1498 586 1777 644 Eamdem
1820 594 2002 645 artem

314 669 490 727 etiam
524 667 810 746 Aegyptii
841 667 1269 745 longinquitate
1310 675 1640 744 temporum
1682 668 2005 725 innumera-

314 749 527 808 bilibus
562 767 742 826 paene
777 747 1016 806 saeculis
1047 747 1343 805 consecuti
1376 754 1671 825 putantur.
1758 746 2000 805 Cilicum

313 837 508 887 autem
538 837 598 887 et
626 828 952 886 Pisidarum
986 847 1130 905 gens
1157 834 1217 884 et
1243 827 1335 884 his
1362 826 1611 885 finitima
1637 827 2001 904 Pamphylia,

317 909 528 987 quibus
567 907 902 966 nationibus
933 907 1292 984 praefuimus
1325 906 1769 985 ipsi,.volatibus
1812 908 2002 965 avium

316 988 696 1066 cantibusque
719 995 784 1046 ut
806 987 1139 1046 certissimis
1166 987 1347 1064 signis
1376 987 1648 1045 declarari
1669 1007 1759 1045 res
1781 988 2006 1050 futuras

318 1076 542 1147 putant.
630 1075 682 1126 3.
729 1068 915 1137 Quam
957 1087 1093 1126 vero
1135 1067 1376 1125 Graecia
1415 1067 1700 1125 coloniam
1741 1068 1903 1124 misit
1943 1067 2006 1125 in
2089 1108 2095 1117 -

316 1149 602 1220 Aeoliam,
635 1147 878 1219 Ioniam,
901 1148 1123 1218 Asiam,
1155 1147 1429 1219 Siciliam,
1461 1147 1689 1205 Italiam
1731 1148 1852 1205 sine
1893 1147 2008 1224 Py·
2091 1158 2100 1169 ¹

315 1229 442 1288 thio
464 1237 566 1288 aut
584 1229 908 1288 Dodonaeo
929 1234 1032 1286 aut
1053 1228 1405 1286 Hammonis
1427 1227 1656 1285 oraculo
1674 1229 1694 1286 ἒ
1726 1235 1827 1286 aut
1850 1227 2007 1305 quod

317 1309 529 1367 bellum
574 1316 904 1387 susceptum
940 1308 1014 1366 ab
1049 1326 1118 1366 ea
1150 1308 1274 1366 sine
1314 1308 1557 1365 consilio
1599 1307 1839 1366 deorum
1882 1309 2009 1366 est?

318 1390 394 1448 II.
439 1390 561 1448 Nec
595 1409 778 1447 unum
811 1393 994 1466 genus
1027 1396 1117 1446 est
1158 1387 1531 1445 divinationis
1563 1387 1793 1465 publice
1826 1388 2011 1466 priva-

317 1471 541 1547 timque
569 1469 932 1528 celebratum.
1011 1467 1181 1539 Nam,
1203 1476 1270 1526 ut
1298 1468 1565 1526 omittam
1588 1474 1807 1526 ceteros
1828 1487 2011 1545 popu-

318 1551 422 1618 loS,
447 1558 642 1608 noster
670 1569 838 1627 quain
873 1549 1056 1607 multa
1081 1567 1295 1626 genera
1316 1548 1649 1625 complexus
1670 1549 1789 1606 est!
1847 1549 2012 1606 Prin-

319 1631 474 1708 cipio
503 1630 674 1688 huius
703 1629 858 1687 urbis
894 1648 1098 1705 parens
1130 1627 1415 1686 Romulus
1449 1647 1569 1695 nnn
1604 1627 1791 1686 solum
1824 1629 2011 1706 auspi-

319 1721 450 1770 cato
472 1710 672 1768 urbem
701 1709 1044 1773 condidisse.
1070 1709 1173 1767 sed
1193 1709 1317 1787 ipse
1340 1709 1513 1766 etiam
1545 1709 1801 1787 optimus
1829 1729 2012 1787 augur

319 1793 500 1849 fuisse
527 1791 794 1849 traditur.
891 1790 1121 1849 Deinde
1165 1789 1479 1867 auguribus
1520 1797 1579 1847 ct
1612 1789 1813 1867 reliqui
1849 1810 2012 1867 reges

321 1872 412 1929 usi
443 1879 500 1928 et
528 1872 743 1929 exactis
771 1870 1004 1947 regibus
1032 1870 1175 1927 nihil
1200 1870 1429 1948 publice
1457 1870 1580 1927 sine
1608 1872 1878 1948 auspiciis
1907 1890 2011 1929 nec

309 1951 486 2017 ‚domi
529 1970 634 2009 nec
676 1950 917 2007 militiae
957 1950 1275 2027 gerebatur.
1377 1950 1642 2027 Cumque
1683 1970 1895 2027 magna
1926 1951 2013 2007 vis

325 2031 618 2090 videretur
649 2050 772 2088 esse
805 2037 865 2087 et
897 2030 957 2087 in
992 2030 1390 2107 impetriendis
1423 2030 1903 2108 consulendisque
1931 2050 2014 2088 re·

324 2110 434 2169 bus
468 2118 527 2169 et
561 2110 622 2167 in
655 2110 929 2168 monstris
962 2110 1407 2187 interpretandis
1448 2130 1515 2167 ac
1542 2111 1916 2187 procurandis
1950 2110 2011 2169 in

323 2190 693 2269 haruspicum
724 2190 1042 2268 disciplina,
1061 2209 1291 2248 omnem
1316 2190 1463 2248 hanc
1486 2210 1556 2248 ex
1578 2190 1809 2249 Etruria
1836 2191 2015 2250 scien-

321 2272 465 2330 tiam
507 2270 880 2341 adhibebant,
901 2290 972 2327 ne
1012 2289 1195 2347 genus
1236 2278 1386 2329 esset
1424 2270 1605 2327 ullum
1641 2270 2014 2331 divinationis

321 2351 479 2430 quod
522 2350 849 2427 neglectum
891 2349 963 2407 ab
998 2350 1069 2408 iis
1102 2350 1405 2409 videretur.
1492 2355 1545 2408 4.
1582 2350 1675 2422 Et,
1701 2370 1832 2409 cum
1876 2352 2016 2411 duo-

318 2432 428 2489 bus
461 2430 654 2489 modis
693 2430 873 2487 animi
916 2430 1304 2513 sine-ratione
1338 2440 1397 2487 et
1432 2431 1671 2488 scientia
1702 2440 1869 2489 motu
1901 2429 2033 2509 ipsi¹

319 2531 426 2569 suo
455 2510 648 2569 soluto
682 2518 741 2568 et
773 2510 954 2568 libero
987 2510 1381 2586 incitarentur,
1408 2530 1523 2568 uno
1558 2511 1805 2583 furente,
1830 2511 2013 2569 altero

321 2591 664 2661 somniante,
694 2591 907 2647 furoris
949 2590 1373 2647 divinationem
1418 2589 1719 2667 Sibyllinis
1762 2592 2014 2648 maxime

323 2670 580 2729 versibus
607 2670 890 2728 contineri
919 2669 1199 2739 arbitrati,
1224 2689 1422 2727 eorum
1454 2671 1652 2727 decem
1675 2672 2015 2747 interpretes

322 2751 574 2808 delectos
607 2770 639 2808 e
677 2750 911 2808 civitate
953 2769 1074 2808 esse
1109 2749 1430 2807 voluerunt.
1516 2750 1607 2817 Ex
1649 2770 1765 2826 quo
1808 2768 2015 2826 genere

323 2850 491 2907 saepe
513 2830 864 2888 hariolorum
894 2830 1072 2888 etiam
1099 2837 1159 2887 et
1180 2837 1376 2887 vatum
1400 2829 1742 2886 furibundas
1764 2827 2017 2905 praedic-

321 2911 527 2981 tioneS,
548 2918 615 2968 ut
635 2910 952 2970 Octaviano
972 2908 1123 2967 bello
1146 2908 1401 2966 Cornelii
1422 2909 1683 2978 Culleoli,
1706 2907 2017 2964 audiendas

323 2998 687 3068 putaverunt.
790 2990 847 3047 N
849 3009 914 3047 ec
947 3008 1083 3047 vero
1118 2988 1365 3045 somnia.
1376 2988 1655 3063 graviora,
1682 2986 1731 3041 si
1766 3004 1911 3059 quae
1944 2986 2019 3042 ad

324 3090 446 3128 rem
475 3069 768 3147 publicam
801 3070 1088 3147 pertinere
1118 3068 1241 3124 visa
1274 3074 1425 3134 sunt,
1452 3085 1485 3120 a
1518 3082 1747 3120 summo
1778 3062 2019 3120 consilio

324 3149 590 3229 neglecta
618 3156 768 3206 sunt.
838 3148 994 3217 Quin
1018 3148 1195 3205 etiam
1217 3144 1499 3201 memoria
1518 3148 1717 3197 nostra
1736 3140 2021 3215 templum

326 3229 569 3290 Iunonis
590 3228 856 3304 Sospitae
883 3228 948 3285 L.
972 3226 1173 3296 Iulius,
1195 3223 1298 3299 qui
1324 3240 1459 3279 cum
1478 3220 1547 3277 P.
1568 3218 1793 3276 Rutilio
1822 3218 2021 3276 consul
