2199 3546
187 146 296 195 '168
429 179 436 185 ·
462 182 468 188 .
720 142 820 195 DE
860 144 1362 196 DIVINATIONE.

199 245 510 303 dormitare
539 245 808 323 coepisse.
879 244 1098 323 Itaque,
1125 260 1473 324 quamquam
1503 246 1612 304 iter
1632 247 1889 318 instaret,

199 331 259 383 te
299 332 492 384 tamen
535 324 826 383 silentium
867 325 991 383 fieri
1023 326 1253 383 iussisse
1286 346 1471 405 neque
1506 346 1625 385 esse
1658 346 1892 403 passum

201 412 259 463 te
288 406 553 463 excitari:
588 424 720 463 cum
748 412 941 463 autem
971 413 1331 483 experrectus
1359 426 1507 464 esses
1526 406 1670 464 hora
1698 425 1893 465 secun-

201 484 276 542 da
303 486 438 557 fere,
462 492 522 543 te
551 484 659 541 sibi
689 486 978 543 somnium
1007 487 1353 543 narravisse:
1396 486 1579 543 visum
1612 485 1721 544 tibi
1750 506 1889 559 esse,

201 584 333 622 cum
367 566 427 622 in
462 564 601 622 locis
643 565 780 623 solis
819 571 1070 623 maestus
1112 586 1342 637 errareS,
1379 565 1443 623 O.
1477 566 1721 624 Marium
1758 586 1891 624 cum

201 645 452 703 fascibus
492 644 758 703 laureatis
794 664 1066 737 quaerere
1108 666 1178 703 cx
1219 653 1279 703 te
1322 646 1462 723 quid
1503 646 1684 705 tristis
1720 666 1888 718 esses,

202 744 448 803 cumque
475 732 540 783 tu
569 733 627 783 te
661 726 846 801 patria
874 746 906 781 v
912 726 930 782 i
958 725 1188 803 pulsum
1224 745 1345 785 esse
1374 726 1628 798 dixisseS,
1652 726 1893 820 prehen-

201 804 352 863 disse
385 824 517 862 eum
553 805 846 863 dexteram
879 812 1039 863 tuam
1075 811 1133 863 et
1160 805 1315 863 bono
1350 806 1544 863 animo
1573 813 1631 863 te
1660 806 1890 864 iussisse

203 904 323 942 esse
351 884 652 963 lictorique
673 884 938 967 proximo
966 885 1285 957 tradidisse,
1306 892 1373 943 ut
1393 893 1451 943 te
1472 886 1533 942 in
1554 905 1892 943 monumen-

201 974 328 1022 tum
378 984 544 1022 suum
594 962 917 1032 deduceret,
950 972 1008 1023 et
1051 966 1261 1027 dixisse
1300 966 1360 1022 in
1402 986 1471 1024 eo
1504 966 1614 1023 tibi
1648 966 1888 1023 salutem

201 1044 344 1103 fore.
427 1044 576 1102 Tum
615 1052 672 1103 et
705 1065 764 1103 se
799 1045 1139 1103 exclamasse
1174 1044 1475 1103 Sallustius
1515 1053 1707 1104 narrat
1746 1046 1893 1103 redi-

191 1131 326 1183 tum
361 1124 469 1181 tibi
504 1126 740 1183 celerem
779 1131 838 1183 et
868 1125 1185 1202 gloriosum
1218 1133 1481 1202 paratum
1516 1133 1575 1183 et
1607 1132 1666 1183 te
1698 1126 1888 1203 ipsum

203 1204 387 1262 visum
418 1205 642 1263 somnio
671 1205 954 1263 delecta-ri.
1041 1205 1191 1262 Nam
1223 1205 1367 1263 illud
1392 1205 1538 1262 mihi
1560 1206 1673 1283 ipsi
1700 1205 1891 1263 celeri·

193 1290 290 1342 ter
316 1286 643 1343 nuntiatum
674 1292 776 1356 est,
799 1292 866 1343 ut
894 1284 1206 1343 audivisses
1233 1287 1293 1342 in
1322 1292 1701 1343 monumento
1725 1285 1891 1343 Marii

195 1364 276 1422 de
291 1372 395 1423 tuo
413 1365 599 1424 reditu
619 1364 1247 1443 magnificentissimum
1268 1366 1407 1424 illud
1428 1373 1657 1424 senatus
1671 1364 1894 1423 consul-

201 1451 328 1503 tum
363 1462 482 1503 esse
515 1447 731 1503 factum
764 1445 1045 1505 referente
1080 1446 1305 1524 optimo
1335 1454 1393 1503 et
1420 1446 1733 1503 clarissimo
1766 1445 1891 1503 viro

203 1526 452 1596 consule,
477 1526 652 1603 idque
684 1526 1152 1602 frequentissimo
1181 1526 1406 1584 theatro
1435 1526 1757 1584 incredibili
1784 1525 1892 1583 cla-

202 1624 364 1663 more
404 1613 463 1664 et
501 1606 705 1683 plausu
760 1607 1218 1684 comprobatum,
1249 1606 1461 1664 dixisse
1502 1614 1562 1665 te
1602 1606 1748 1664 nihil
1790 1606 1892 1664 illo

202 1686 433 1743 Atinati
459 1686 683 1743 somnio
712 1685 833 1743 fieri
862 1706 1030 1763 posse
1064 1687 1329 1744 divinius

284 1765 514 1824 XXIX.
600 1771 693 1824 60.
730 1766 814 1825 At
841 1766 1024 1824 multa
1049 1766 1209 1824 falsa.
1287 1766 1478 1824 Immo
1508 1765 1749 1824 obscura
1775 1766 1893 1824 for-

202 1851 354 1904 tasse
401 1846 584 1904 nobiS.
670 1845 786 1905 Sed
835 1847 951 1905 sint
990 1848 1137 1904 falsa
1179 1848 1475 1924 quaedam,
1520 1855 1721 1918 contra
1760 1865 1895 1904 vera

206 1923 346 2003 quid
380 1925 658 1985 dicimus?
701 1945 846 2004 quae
889 1927 1122 2004 quidem
1157 1928 1342 1985 multo
1376 1913 1541 2004 plura
1580 1928 1889 1994 evenirent,

205 2007 254 2063 si
287 2006 362 2064 ad
395 2008 645 2085 quietem
681 2007 891 2084 integri
924 2008 1150 2064 iremus
1238 2006 1407 2065 Nunc
1443 2008 1633 2064 onusti
1670 2008 1799 2064 cibo
1833 2013 1893 2064 et

204 2087 341 2144 vino
369 2088 700 2163 perturbata
727 2094 786 2144 et
812 2087 1053 2145 confusa
1080 2088 1380 2145 cernimus,
1455 2087 1607 2145 Vide
1630 2087 1770 2165 quid
1792 2085 1893 2144 So·

206 2173 387 2224 crates
435 2167 495 2222 in
541 2167 802 2224 Platonis
850 2167 1065 2224 Politia
1112 2167 1393 2244 loquatur.
1492 2166 1655 2225 Dicit
1702 2167 1890 2224 enim:

209 2245 412 2304 “Cum
455 2246 875 2304 dormientibus
908 2267 975 2303 ea
1005 2266 1139 2324 pars
1172 2248 1367 2319 animi,
1406 2266 1549 2325 quae
1582 2247 1793 2305 mentis
1834 2253 1894 2304 et

206 2325 445 2384 rationis
478 2327 554 2383 sit
585 2325 886 2403 particepS,
923 2328 1114 2403 sopita
1144 2327 1429 2405 langueat,
1460 2327 1558 2384 illa
1590 2331 1801 2396 autem,
1832 2327 1893 2382 in

197 2423 322 2484 qua
361 2405 560 2464 feritas
601 2406 880 2484 quaedam
923 2407 998 2464 sit
1039 2415 1211 2484 atque
1260 2408 1499 2484 agrestis
1545 2407 1891 2476 immanitaS,

207 2505 339 2542 cum
369 2485 444 2544 sit
471 2486 851 2544 immoderato
880 2488 1197 2546 tumefacta
1222 2496 1367 2564 potu
1395 2495 1567 2564 atque
1594 2494 1779 2563 pastu,
1805 2505 1897 2543 ex-

208 2565 416 2622 sultare
458 2585 582 2622 eam
618 2567 678 2622 in
713 2586 916 2624 somno
958 2567 1448 2644 immoderateque
1486 2567 1699 2626 iactari.
1785 2565 1897 2622 Ita-

209 2664 319 2721 que
354 2645 487 2703 huic
530 2647 724 2703 omnia
763 2647 884 2704 visa
925 2647 1253 2704 obiciuntur
1285 2667 1319 2704 a
1350 2655 1543 2705 mente
1576 2666 1641 2705 ac
1674 2646 1895 2703 ratione

209 2744 400 2796 vacua,
426 2732 491 2782 ut
518 2733 617 2782 aut
645 2745 774 2782 cum
798 2734 979 2784 matre
1007 2746 1217 2804 corpus
1244 2728 1479 2785 miscere
1508 2726 1769 2785 videatur
1795 2733 1896 2782 aut

209 2824 337 2862 cum
375 2805 578 2881 quovis
611 2805 723 2862 alio
758 2807 843 2863 vel
874 2806 1109 2864 homine
1143 2807 1231 2864 vel
1260 2807 1387 2877 de0,
1413 2827 1579 2884 saepe
1607 2806 1790 2875 belua,
1815 2812 1897 2862 at-

212 2901 320 2962 que
355 2886 527 2942 etiam
561 2885 844 2943 trucidare
873 2885 1121 2962 aliquem
1151 2893 1209 2944 et
1238 2887 1413 2963 impie
1442 2887 1725 2944 cruentari
1753 2884 1897 2942 mul-

208 2973 380 3041 taque
414 2965 600 3022 facere
632 2965 857 3042 impure
889 2973 1063 3042 atque
1095 2972 1275 3024 taetre
1308 2985 1437 3024 cum
1472 2967 1795 3023 temeritate
1838 2971 1895 3021 et

210 3044 584 3122 impudentia.
674 3050 765 3103 61.
809 3045 895 3102 At
928 3046 1027 3122 qui
1062 3045 1271 3102 salubri
1306 3052 1365 3103 et
1395 3046 1695 3103 moderato
1737 3044 1895 3102 cultu

211 3131 381 3200 atque
415 3124 569 3181 victu
606 3124 786 3200 quieti
814 3143 873 3182 se
901 3125 1217 3196 tradiderit,
1243 3145 1309 3182 ea
1335 3133 1495 3201 parte
1530 3125 1725 3193 animi,
1752 3143 1895 3201 quae

131 3207 146 3214 “
200 3204 422 3260 mentis
463 3211 522 3262 et
562 3203 791 3262 consilii
827 3210 929 3276 est,
961 3205 1178 3280 agitata
1210 3212 1269 3262 ct
1305 3212 1492 3263 erecta
1533 3211 1895 3278 saturataque
