2199 3546
603 163 1357 236 LIB.11.,cAP.L.-L111.,
1380 171 1411 234 5
1443 174 1685 224 126-131.
1926 175 1994 224 93

308 281 764 354 procreaverunt,
787 293 970 352 usque
1009 273 1085 332 ad
1119 293 1249 333 eum
1284 273 1459 332 finem
1500 274 1642 333 dum
1660 274 1902 352 possint
1935 295 1995 333 se

307 357 432 433 ipsa
458 356 804 414 defendere?
845 355 953 412 etsi
982 355 1183 432 pisces,
1204 361 1271 412 ut
1297 355 1475 426 aiunt,
1498 374 1605 412 ova
1632 375 1760 412 cum
1785 372 1997 432 genue-

306 442 455 506 runt,
479 435 845 514 relinquunt:
887 434 1058 492 facile
1085 435 1239 492 enim
1261 434 1361 491 illa
1387 453 1535 512 aqua
1560 442 1621 492 et
1640 435 1998 492 sustinentur

305 521 364 573 et
388 515 580 573 fetum
599 514 872 573 fundunt.
957 513 1083 572 LII.
1128 513 1471 572 Testudines
1496 521 1689 572 autem
1718 521 1777 572 et
1804 533 2003 572 croco-⁴

305 595 456 653 dilos
487 594 706 667 dicunt,
731 613 862 664 cum
891 594 953 650 in
981 601 1132 652 terra
1162 600 1393 671 partum
1426 593 1728 664 ediderint,
1754 593 1993 652 obruere

304 693 428 746 ονε,
452 674 663 734 deinde
691 674 1014 733 discedere:
1058 674 1143 732 ita
1168 681 1228 731 et
1254 682 1567 732 nascuntur
1592 680 1652 732 et
1680 673 1995 732 educantur

303 754 429 832 ipsa
448 773 552 832 per
579 773 716 813 sese.
788 753 910 811 Iam
933 753 1178 830 gallinae
1206 772 1450 830 avesque
1477 754 1727 831 reliquae
1754 760 1813 811 et
1841 754 1995 830 quie·

302 842 428 891 tum
472 834 773 912 requirunt
813 833 888 890 ad
919 833 1259 910 pariendum
1294 833 1487 890 locum
1530 841 1589 890 et
1628 831 1843 891 cubilia
1883 832 1994 891 sibi

302 914 588 991 nidosque
620 920 962 973 construunt
993 931 1207 990 eosque
1250 931 1420 990 quam
1456 920 1700 990 possunt
1733 912 1996 971 mollissi-

301 1013 398 1051 me
425 993 813 1064 substernunt,
832 999 900 1050 ut
929 1011 1101 1070 quam
1123 992 1399 1051 facillime
1426 1013 1537 1051 ova
1562 1000 1887 1051 serventur:
1923 1013 1993 1051 ex

303 1073 514 1150 quibus
541 1073 729 1150 pullos
757 1091 888 1131 cum
918 1072 1296 1144 excluserunt,
1311 1073 1396 1130 ita
1419 1080 1671 1144 tuentur,
1690 1079 1757 1131 ut
1779 1080 1837 1131 et
1857 1092 1994 1150 pen-

300 1153 394 1210 nis
414 1152 668 1224 foveant,
688 1172 761 1210 ne
781 1152 998 1228 frigore
1017 1151 1334 1224 laedantur,
1354 1159 1428 1223 et,
1448 1153 1496 1210 si
1518 1159 1605 1211 est
1626 1153 1779 1211 calor
1798 1172 1835 1210 a
1854 1152 1991 1224 sole,
2014 1177 2016 1179 ¹

301 1253 364 1290 se
392 1239 706 1310 opponant.
775 1231 928 1290 Cum
948 1239 1141 1290 autem
1164 1232 1307 1309 pulli
1329 1232 1595 1309 pennulis
1620 1233 1707 1290 uti
1729 1239 1989 1310 possunt,

300 1320 428 1370 tum
454 1312 676 1370 volatus
697 1331 895 1370 eorum
919 1319 1131 1370 matres
1152 1319 1589 1390 prosequuntur,
1612 1313 1833 1390 reliqua
1859 1332 1995 1370 cura

301 1392 629 1450 liberantur.
704 1398 836 1450 130.
861 1391 1109 1450 Accedit
1130 1391 1300 1449 etiarn
1331 1391 1405 1448 ad
1426 1411 1541 1448 non
1565 1392 1852 1450 nullorum
1877 1393 1995 1449 ani-

301 1472 588 1530 mantium
611 1479 672 1530 et
689 1491 884 1530 earum
913 1490 1122 1542 rerum,
1142 1491 1283 1549 quas
1302 1477 1457 1529 terra
1474 1471 1681 1548 gignit,
1703 1491 1995 1530 conserva·

301 1552 520 1610 tionem
557 1559 618 1610 et
637 1552 880 1610 salutem
907 1551 1214 1609 hominum
1232 1545 1471 1629 [etiam]
1502 1552 1754 1609 sollertia
1782 1559 1841 1609 et
1868 1551 1995 1608 dili-

301 1632 513 1708 gentia.
582 1632 734 1689 Nam
763 1631 980 1688 multae
1007 1638 1067 1688 et
1085 1631 1337 1708 pecudes
1363 1638 1422 1689 et
1444 1631 1649 1709 stirpes
1676 1639 1825 1702 sunt,
1848 1650 1993 1708 quae

303 1712 426 1770 sine
453 1711 856 1789 procuratione
883 1711 1187 1768 hominum
1218 1710 1403 1768 salvae
1431 1729 1552 1768 esse
1585 1730 1702 1768 non
1731 1719 1989 1788 possunt.

304 1792 548 1870 Magnae
588 1792 763 1850 etiam
807 1792 1273 1869 opportunitates
1312 1792 1386 1849 ad
1428 1791 1648 1849 cultum
1688 1790 1992 1848 hominum

303 1880 476 1950 atque
515 1872 930 1930 abundantiam
972 1871 1115 1929 aliae
1157 1870 1283 1929 aliis
1322 1871 1384 1927 in
1425 1870 1567 1928 locis
1615 1870 1990 1947 reperiuntur.

302 1951 643 2029 Aegyptum
673 1951 842 2009 Nilus
870 1952 1071 2028 irrigat
1091 1957 1166 2022 et,
1188 1970 1318 2009 cum
1341 1957 1467 2008 tota
1486 1957 1699 2009 aestate
1728 1949 1993 2007 obrutam

303 2032 712 2109 oppletamque
739 2031 947 2102 tenuit,
970 2038 1097 2089 tum
1126 2030 1343 2088 recedit
1369 2029 1739 2107 mollitosque
1768 2036 1826 2087 et
1854 2029 1995 2087 obli-

301 2120 492 2170 matos
518 2112 590 2169 ad
621 2111 922 2170 serendum
953 2130 1123 2187 agros
1150 2110 1437 2187 relinquit.
1514 2109 1993 2187 Mesopotamiam

303 2192 554 2250 fertilem
583 2190 759 2250 efficit
786 2190 1128 2268 Euphrates,
1152 2191 1213 2247 in
1249 2208 1421 2267 quam
1450 2198 1595 2266 quot
1622 2208 1803 2247 annos
1831 2191 1993 2268 quasi

302 2290 486 2329 novos
525 2290 694 2349 agros
733 2271 970 2329 invehit.
1057 2270 1239 2328 Indus
1278 2289 1430 2341 vere,
1462 2270 1561 2347 qui
1603 2278 1690 2329 est
1732 2265 1989 2329 omnium

302 2350 608 2409 fluminum
645 2352 948 2422 maximae,
972 2369 1092 2408 non
1126 2370 1275 2428 aqua
1306 2350 1491 2407 solum
1525 2369 1693 2427 agros
1727 2351 1994 2409 laetificat

303 2436 364 2489 et
403 2432 654 2509 mitigat,
691 2431 794 2489 sed
835 2449 934 2488 eos
975 2431 1147 2489 etiam
1191 2430 1477 2487 conserit:
1527 2448 1797 2507 magnam
1840 2431 1991 2488 enim

303 2511 418 2567 vim
468 2512 753 2569 seminum
800 2530 993 2567 secum
1025 2510 1304 2567 frumenti
1344 2509 1615 2566 similium
1653 2511 1864 2568 dicitur
1899 2510 1995 2566 de·-

305 2597 551 2667 port-are.
633 2596 766 2647 131.
803 2589 1102 2667 Multaque
1129 2590 1241 2647 alia
1266 2588 1393 2646 aliis
1419 2589 1479 2646 in
1510 2588 1620 2647 loci
1648 2607 1995 2647 commemo-

301 2669 504 2727 rabilia
542 2670 802 2746 proferre
842 2689 1096 2747 possum,
1125 2669 1343 2727 multos
1380 2669 1601 2727 fertiles
1643 2688 1811 2746 agros
1851 2669 1994 2727 alios

302 2748 546 2807 aliorum
576 2750 889 2807 fructuum.
960 2748 1117 2808 LIII.
1154 2748 1269 2806 Sed
1298 2748 1397 2805 illa
1424 2756 1641 2825 quanta
1670 2749 1993 2826 benignitas

301 2836 555 2901 naturae,
581 2829 738 2907 quod
777 2836 898 2886 tam
939 2828 1124 2886 multa
1162 2828 1238 2885 ad
1270 2828 1633 2900 vescendum,
1656 2836 1776 2887 tam
1820 2828 1989 2899 varia,

299 2914 424 2967 tam
455 2909 710 2967 iucunda
741 2907 947 2985 gignit,
968 2926 1154 2984 neque
1196 2926 1264 2964 ea
1295 2926 1415 2965 uno
1446 2913 1709 2985 tempore
1750 2908 1903 2978 anni,
1926 2914 1993 2965 ut

302 3007 530 3065 semper
557 2996 617 3046 et
637 2988 894 3045 novitate
922 2986 1273 3044 delectemur
1299 2994 1359 3043 et
1378 2986 1579 3062 copia!
1646 2985 1833 3052 Quam
1847 2993 1995 3063 'tem-

302 3069 560 3145 pestivos
591 3073 786 3123 autem
819 3065 998 3135 dedit,
1025 3083 1195 3141 quam
1232 3064 1501 3121 salutares
1534 3082 1651 3119 non
1686 3063 1863 3119 modo
1898 3064 1996 3119 ho-

301 3147 546 3216 minum,
569 3145 669 3202 sed
691 3145 864 3203 etiam
887 3143 1174 3219 pecudum
1204 3142 1417 3217 generi,
1437 3142 1509 3197 iis
1538 3141 1785 3216 denique
1816 3142 1997 3197 omni-

300 3224 432 3296 bus,
450 3230 596 3301 quae
615 3224 878 3281 oriuntur
895 3240 926 3279 e
943 3230 1109 3293 terra,
1121 3228 1325 3279 ventos
1341 3220 1578 3288 Etesias,
1596 3236 1841 3294 quorum
1858 3218 1997 3275 flatu
