2199 3546
208 181 276 228 90
475 223 480 230 .
641 178 750 228 DE
783 177 1086 234 NATURA
1120 179 1445 232 DEORUM.

209 281 386 340 vitam
411 278 773 338 retinendam
801 299 920 339 non
949 280 1347 340 necessarium.
1436 286 1569 340 122.
1599 281 1782 341 Dedit
1808 301 1907 344 aua.

209 367 328 418 tem
357 359 557 420 eadem
591 367 795 418 natura
821 359 1005 418 beluis
1031 367 1093 418 et
1120 379 1348 420 sensum
1381 367 1439 418 et
1464 362 1809 438 appetitum,-
1830 371 1909 422 ut

209 440 413 498 altero⁹
429 445 704 499 conatum
737 438 1014 498 haberent
1047 439 1123 496 ad
1153 440 1441 498 naturales
1472 449 1672 516 pastus
1713 461 1906 519 capes*

210 521 432 589 sendos‚
447 519 1004 579 alterossecernerent
1020 521 1297 596 pestifera
1312 539 1356 578 a,
1366 520 1723 582 salutaribus.
1742 549 1749 554 ·
1774 521 1907 582 Iam*

209 619 342 658 vero
371 600 484 658 alia
497 599 773 658 'animalia
792 599 1127 676 gradiendo,
1141 597 1250 658 alia
1272 600 1555 676 serpendo
1576 601 1652 658 ad
1672 609 1905 678 pastum

209 679 504 751 accedunt,
527 679 640 738 alia
672 679 938 750 voland0,
961 679 1072 737 alia
1113 678 1325 751 nandO,
1348 680 1657 758 cibumque
1688 682 1905 758 partim

211 760 325 817 oris
343 759 506 819 hiatu
524 766 583 818 et
599 759 870 820 dentibus
882 759 1032 836 ipsis
1048 767 1370 836 capessunt,
1386 760 1599 836 partim
1618 761 1903 838 unguium

209 841 518 898 tenacitate
535 839 846 916 adripiunt,
864 839 1074 916 partim
1093 839 1425 899 aduncitate
1442 847 1774 912 rostrorum,
1792 841 1905 900 alia

211 927 442 996 sugunt,
465 920 578 978 alia
609 926 867 996 carpunt,
892 919 1003 978 alia
1030 926 1252 989 vorant,
1277 919 1389 979 alia
1418 919 1720 979 mandunt.
1794 921 1907 979 At«

212 1019 322 1076 que
357 1001 528 1057 etiam
563 999 805 1057 aliorum
840 1019 908 1056 ea
939 1006 1027 1058 est
1055 997 1373 1070 humilitas,
1406 1006 1472 1058 ut
1505 999 1699 1061 cibum
1730 1006 1903 1058 terre-

211 1087 386 1136 strem
426 1079 626 1138 rostris
666 1079 835 1137 facile
877 1079 1255 1156 contingant:
1343 1085 1475 1138 123.
1521 1099 1669 1157 quae
1706 1089 1901 1139 autem

211 1157 415 1216 altiora
441 1165 592 1230 sunt,
617 1165 682 1218 ut
708 1178 950 1230 anseres,
973 1165 1041 1217 ut.
1068 1159 1261 1234 cygni,
1283 1166 1351 1218 ut
1377 1177 1566 1236 grueS,
1584 1168 1652 1218 ut
1680 1159 1909 1229 cameli,

211 1238 554 1296 adiuvantur
585 1239 926 1315 proceritate
959 1238 1275 1296 collorum:
1320 1257 1524 1296 manus
1558 1239 1731 1298 etiam
1766 1239 1907 1298 data

212 1325 299 1375 est
332 1317 655 1395 elephante,
689 1318 824 1395 quia
863 1324 1101 1396 propter
1140 1317 1601 1396 magnitudinem
1646 1319 1904 1396 corporis

211 1397 472 1457 difficiles
512 1397 704 1456 aditus
745 1397 994 1456 habebat
1035 1397 1111 1456 ad
1148 1405 1396 1474 pastum.
1454 1397 1763 1457 XLVIII.
1782 1399 1907 1468 ··At·;·

213 1478 421 1556 quibus
456 1476 656 1536 bestiis
697 1485 818 1535 erat
851 1477 900 1535 is
940 1477 1123 1550 cibuS,
1151 1484 1219 1536 ut
1260 1477 1405 1538 alius
1444 1479 1671 1555 generis
1704 1478 1923 1538 bestiis>

212 1565 586 1628 vescerentur,
617 1565 717 1615 aut
751 1558 896 1616 vires
937 1564 1143 1616 natura
1182 1557 1345 1616 dedit
1386 1564 1493 1618 aut·
1518 1558 1901 1616 celeritatem
1876 1576 1903 1597 -ι

213 1638 350 1696 data
389 1644 475 1695 est
510 1637 852 1716 quibusdam
895 1637 1070 1697 etiam
1109 1637 1465 1700 machinatio
1509 1637 1787 1716 quaedam
1822 1639 1910 1702 at?

213 1737 325 1797 que
358 1717 624 1789 sollertia,
648 1724 715 1777 ut
739 1717 803 1777 in
837 1718 1119 1777 araneolis
1149 1718 1295 1778 aliae
1329 1717 1493 1796 quasi
1525 1724 1646 1778 rete
1677 1725 1901 1789 texunt,

211 1806 294 1871 ut,
319 1796 368 1857 si
410 1798 548 1877 quid
591 1798 916 1871 inhaeserit,
946 1796 1270 1870 conficiant,
1300 1799 1443 1857 aliae
1488 1807 1679 1861 autem
1727 1806 1792 1856 ut
1832 1818 1908 1859 ex

212 1880 516 1957 inopinato
551 1878 855 1937 observant
887 1885 962 1949 et,
987 1878 1035 1937 si
1069 1878 1213 1957 quid
1244 1842 1467 1949 incidit,
1492 1879 1789 1955 adripiunt
1819 1878 1906 1935 id·-

215 1978 326 2037 que
353 1964 716 2019 consumunt.
801 1958 993 2021 Pinna
1019 1958 1319 2017 vero—sic
1346 1959 1503 2017 enim
1530 1958 1745 2017 Graece
1766 1959 1906 2020 dici-

213 2045 309 2097 tur
323 2073 405 2082 —
422 2037 645 2100 duabus
684 2036 998 2116 grandibus
1041 2038 1239 2115 patula
1280 2038 1516 2099 conchis
1556 2056 1688 2097 cum
1729 2058 1905 2115 parta

215 2118 420 2196 squilla
450 2119 611 2197 quasi
639 2119 972 2211 societatem
1007 2119 1128 2177 coit
1154 2118 1526 2195 comparandi
1554 2117 1686 2189 eibi,
1710 2119 1903 2196 itaque

215 2218 346 2257 cum
387 2198 650 2277 pisciculi
689 2199 852 2275 parvi
893 2198 954 2255 in
995 2198 1276 2257 concham
1318 2198 1577 2261 hiantem
1618 2198 1905 2255 innatave-

213 2284 366 2347 runt,
387 2286 516 2337 tum
543 2278 844 2335 admonita
869 2277 1107 2354 squillae
1134 2278 1315 2355 pinna
1346 2297 1540 2335 morsu
1574 2278 1905 2355 comprimit

216 2356 476 2415 conchas,
562 2356 657 2415 Sic
691 2357 1090 2415 dissimillimis
1122 2358 1381 2415 bestiolis
1415 2359 1801 2415 communiter
1830 2358 1913 2422 cit

214 2436 323 2495 bus
365 2436 670 2514 quaeritur.
760 2441 891 2495 124.
937 2436 1005 2494 In
1050 2455 1167 2515 quo
1210 2437 1611 2495 admirandum
1655 2444 1743 2495 est
1776 2456 1907 2495 con—

215 2536 486 2594 gressune
519 2516 712 2593 aliquo
740 2516 893 2573 inter
925 2536 984 2575 se
1015 2537 1089 2574 an
1118 2518 1235 2577 iam
1262 2517 1401 2576 inde
1433 2517 1506 2575 ab
1538 2525 1671 2575 ortu
1704 2526 1907 2574 natura

218 2598 342 2675 ipsa
368 2604 746 2675 congregat-ae
769 2596 901 2655 sint.
973 2597 1079 2655 Est
1099 2598 1275 2655 etiam
1304 2597 1610 2656 admiratio
1639 2616 1753 2654 non
1786 2597 1908 2653 nul·-

216 2676 318 2734 la
303 2697 364 2735 111
397 2676 598 2735 bestiis
629 2675 1021 2753 aquatilibus'
1005 2676 1091 2748 lis»,
1118 2696 1263 2754 quae
1296 2678 1618 2754 gignuntur
1650 2676 1709 2733 in
1740 2684 1903 2744 terr-1,

217 2756 393 2815 veluti
421 2756 693 2814 crocodili
722 2755 1137 2834 fluviatilesque
1166 2757 1485 2815 testudines
1515 2754 1909 2848 quaedamque

219 2843 508 2913 serpentes
550 2843 708 2895 ortae
751 2843 911 2893 extra
950 2856 1175 2911 aquam,
1202 2836 1369 2893 simul
1404 2854 1469 2893 ac
1503 2836 1754 2913 primum
1799 2835 1909 2895 niti

217 2921 475 2992 possunt,
499 2934 708 2992 aquam
742 2921 1175 2992 persequuntur.
1262 2914 1417 2981 Quin
1459 2916 1634 2973 etiam
1672 2922 1908 2975 anatum

219 3014 328 3051 ova
347 2994 574 3071 gallinis
595 3014 762 3071 saepe
791 2993 1185 3069 supponimus,
1208 3013 1238 3051 c
1268 2994 1475 3069 quibus
1498 2994 1641 3071 pulli
1663 2995 1775 3051 orti
1797 2995 1909 3070 pri-

217 3094 376 3131 mum
415 3073 645 3131 aluntur
678 3074 749 3130 ab
777 3072 867 3129 his
901 3078 966 3129 ut
997 3090 1032 3127 a
1063 3071 1360 3143 matribuS,
1385 3092 1420 3129 a
1452 3073 1661 3150 quibus
1694 3073 1903 3131 exclus
1860 3094 1909 3130 si

219 3152 446 3230 fotique
487 3161 639 3223 sunt,
673 3151 878 3209 deindo
919 3168 1014 3207 eas
1046 3150 1381 3227 relinquunt
1412 3159 1473 3209 et
1506 3154 1853 3228 effugiunts
1828 3174 1909 3211 sc-

221 3240 476 3309 quenteS,
493 3250 623 3289 cum
647 3232 898 3309 primum
919 3248 1123 3306 aquam
1150 3230 1311 3305 quasi
1327 3231 1641 3326 naturalem
1666 3232 1907 3289 domum
