2199 3546
619 125 846 189 LIB.1.,
873 124 1032 177 CAP.
1055 124 1343 189 1.1.-1.1v.,
1371 124 1401 186 5
1430 128 1671 176 lie-122.
1900 129 1993 177 189

305 226 513 366 {ossei
583 224 713 295 Qua
730 224 826 284 ille
853 226 937 285 rei
957 226 1215 285 novitate
1238 220 1379 301 [non
1404 224 1509 305 est]
1532 226 1840 305 perculsus,
1860 246 1993 286 cum

351 307 599 384 purinna
627 306 848 364 diceret
878 306 1204 364 timendum
1238 326 1359 364 esse
1391 326 1465 365 ne
1506 315 1565 366 et
1598 308 1901 365 consilium
1936 315 1995 365 et
2033 318 2045 323 “

305 388 426 445 vita
453 386 754 444 deficeret:
798 404 992 443 earum
1021 386 1178 443 enim
1206 406 1395 444 rerum
1424 394 1731 465 utrumque
1758 408 1795 445 a
1820 388 1993 447 corde

305 465 607 544 proficisci.
689 464 934 523 Postero
983 464 1078 523 die
1127 473 1302 543 caput
1348 467 1409 523 in
1458 467 1643 525 iecore
1690 486 1807 525 non
1858 468 1990 527 fuit.

307 546 466 616 Quae
496 545 729 623 quidem
749 544 834 603 illi
854 545 1350 623 portendebantur
1375 565 1410 605 a
1434 547 1528 605 dis
1553 546 1991 619 immortalibuS,

309 633 374 684 ut
412 624 632 684 videret
670 625 986 696 interitum,
1019 644 1138 683 non
1186 633 1254 684 ut
1294 633 1533 685 caveret.
1616 626 1767 685 Cum
1816 627 1994 703 igitur

305 724 406 763 eae
431 712 623 783 partes
641 705 704 764 in
733 705 880 763 extis
907 724 1025 763 non
1053 706 1432 783 reperiuntur,
1452 706 1575 764 sine
1603 706 1813 785 quibus
1835 707 1995 765 victi-

308 804 402 843 ma
441 784 540 842 illa
572 785 760 843 vivere
801 785 1109 863 nequisset,
1140 785 1593 863 intellegendum
1633 793 1722 845 est
1760 786 1821 843 in
1864 787 1995 863 ipso

306 864 720 925 immolationis
752 872 1014 943 tempore
1047 884 1145 922 eas
1175 872 1384 943 partes,
1408 884 1555 944 quae
1594 865 1801 936 absint,
1824 867 1995 925 inter·

307 946 433 1003 isse.
520 944 674 1008 LIII.
746 950 880 1003 120.
916 944 1251 1023 Eademque
1279 944 1453 1004 efficit
1480 946 1543 1003 in
1570 946 1769 1006 avibus
1798 946 1995 1005 divina

306 1044 486 1093 meus,
506 1032 572 1082 ut
593 1031 719 1083 tum
747 1024 877 1096 huc,
897 1032 1024 1083 tum
1048 1025 1182 1082 illuc
1204 1025 1403 1083 volent
1428 1025 1609 1097 alites,
1628 1033 1755 1085 tum
1776 1027 1837 1085 in
1866 1026 1991 1097 hac,

307 1112 432 1161 tum
467 1105 528 1161 in
562 1104 660 1162 illa
689 1111 854 1182 parte
894 1124 954 1161 se
995 1104 1301 1176 occultent,
1332 1113 1459 1164 tum
1497 1125 1532 1165 a
1564 1107 1779 1179 dextra,
1799 1115 1927 1166 tum
1960 1126 1995 1163 a

308 1185 537 1243 sinistra
563 1192 724 1261 parte
752 1191 962 1243 canant
989 1185 1228 1243 oscines.
1305 1185 1457 1243 Nam
1486 1186 1535 1244 si
1562 1206 1734 1245 omne
1762 1186 1991 1257 animal,

310 1272 374 1323 ut
402 1264 540 1335 vult,
566 1265 650 1323 ita
682 1264 865 1323 utitur
894 1271 1060 1323 motu
1094 1265 1185 1323 sui
1218 1267 1491 1343 corporis,
1514 1285 1717 1344 prono,
1737 1267 1991 1345 obliqu0‚

308 1344 532 1421 supin0‚
563 1344 932 1421 membraque
975 1363 1339 1423 quocumque
1380 1346 1503 1405 vult
1542 1346 1739 1417 flectit,
1770 1356 1995 1406 contor-

310 1432 462 1502 quet,
506 1424 768 1501 porrigit,
812 1424 1119 1495 contrahit,
1164 1444 1343 1503 eaque
1398 1432 1531 1483 ante
1586 1425 1760 1484 efficit
1814 1445 1995 1503 paene

311 1523 482 1581 quam
510 1504 745 1580 cogitat,
767 1510 982 1580 quanto
1010 1503 1074 1561 id
1101 1504 1213 1562 deo
1240 1513 1328 1563 est
1354 1504 1597 1576 facilius,
1620 1506 1785 1563 cuius
1812 1507 1997 1563 numi·

311 1585 370 1641 ni
398 1592 602 1661 parent
630 1585 860 1641 omnia?
930 1589 1062 1641 121.
1099 1583 1379 1662 Idemque
1406 1586 1592 1644 mittit
1618 1593 1679 1645 et
1706 1586 1871 1663 signa
1898 1605 1996 1642 no-

314 1664 400 1721 bis
443 1664 566 1721 eius
613 1664 854 1740 generiS,
891 1663 1084 1740 qualia
1126 1664 1413 1741 permulta
1455 1665 1699 1724 historia
1736 1666 1993 1736 tradidit,

311 1744 475 1824 quale
504 1744 781 1822 scriptum
809 1743 953 1802 illud
974 1744 1270 1804 videmus:
1314 1746 1359 1803 si
1384 1746 1521 1804 luna
1546 1746 1719 1824 paulo
1746 1753 1880 1805 ante
1910 1764 1997 1804 so-

310 1824 380 1882 lis
422 1831 612 1882 ortum
647 1824 953 1882 defecisset
994 1825 1052 1882 in
1095 1825 1265 1902 signo
1298 1825 1525 1897 Leonis,
1548 1827 1675 1884 fore
1718 1835 1783 1885 ut
1824 1827 1997 1884 armis

309 1904 532 1963 Dareus
559 1912 618 1964 et
637 1904 846 1962 Persae
872 1904 946 1962 ab
967 1903 1297 1963 Alexandro
1325 1914 1385 1963 et
1405 1905 1815 1964 Macedonibus
1838 1925 1999 1983 proe-

310 1985 388 2043 lio
411 1985 770 2043 vincerentur
789 1984 1124 2062 Dareusque
1146 1992 1478 2055 moreretur,
1497 1992 1573 2056 et,
1589 1985 1637 2043 si
1656 1987 1844 2064 puella
1862 1993 2000 2044 nata

309 2063 507 2143 biceps
539 2072 703 2136 esset,
726 2064 1068 2123 seditionem
1104 2065 1165 2122 in
1200 2065 1419 2143 populo
1451 2066 1596 2137 fore,
1616 2066 1997 2145 corruptelam

312 2152 372 2202 et
417 2145 762 2204 adulterium
807 2144 984 2215 domi,
1008 2152 1083 2216 et,
1109 2146 1158 2202 si
1200 2145 1405 2203 mulier
1444 2145 1669 2204 leonem
1710 2147 1997 2224 peperisse

313 2225 434 2282 visa
465 2231 630 2295 esset,
652 2225 780 2282 fore
813 2231 880 2282 ut
911 2225 984 2282 ab
1025 2225 1235 2282 exteris
1267 2225 1539 2302 gentibus
1571 2231 1891 2286 vinceretur
1932 2246 2000 2284 ca

313 2324 404 2362 res
429 2304 674 2382 publica,
695 2305 756 2361 in
791 2323 906 2382 qua
931 2305 992 2362 id
1026 2305 1380 2382 contigisset.
1464 2306 1739 2365 Eiusdem
1772 2307 1999 2384 generis

313 2385 488 2443 etiam
517 2384 659 2442 illud
679 2391 781 2455 est,
804 2384 962 2463 quod
982 2383 1183 2442 scribit
1203 2385 1555 2457 Herodotus,
1576 2386 1773 2446 Croesi
1794 2387 1995 2456 filium,

313 2484 445 2525 cum
487 2472 636 2522 esset
674 2465 880 2534 infans,
906 2464 1181 2535 locutum,
1207 2484 1323 2543 quo
1356 2474 1585 2524 ostento
1627 2485 1869 2543 regnum
1903 2485 2001 2542 pa-

314 2546 419 2602 tris
459 2552 518 2604 et
559 2545 798 2602 domum
841 2544 1109 2602 funditus
1148 2545 1481 2604 concidisse.
1566 2545 1759 2623 Caput
1797 2546 1999 2603 arsisse

315 2624 514 2683 Servio
546 2624 736 2683 Tullio
769 2624 1080 2683 dormienti
1108 2643 1255 2702 quae
1286 2625 1529 2684 historia
1558 2645 1675 2684 non
1705 2625 2000 2703 prodidit?

315 2705 406 2764 Ut
438 2706 630 2782 igitur,
657 2705 756 2782 qui
789 2723 848 2762 se
880 2704 1070 2762 tradet
1097 2705 1183 2763 ita
1214 2705 1412 2783 quieti,
1437 2713 1775 2783 praeparato
1804 2705 1999 2762 animo

318 2804 448 2844 cum
483 2784 650 2842 bonis
682 2783 1133 2861 cogitationibus
1164 2792 1291 2842 tum
1322 2785 1493 2843 rebus
1525 2786 1599 2843 ad
1626 2784 2001 2863 tranquillita-

317 2872 437 2924 tem
465 2865 926 2934 accommodatis,
943 2871 1096 2922 certa
1124 2871 1183 2922 et
1210 2883 1341 2923 vera
1367 2865 1549 2924 cernit
1576 2865 1636 2922 in
1666 2865 1899 2938 somniS,
1920 2865 2001 2923 sic

320 2953 508 3004 castus
539 2946 764 3002 animus
790 2963 1078 3022 purusque
1107 2944 1400 3020 vigilantis
1433 2952 1493 3003 et
1524 2945 1599 3003 ad
1626 2952 1909 3003 astrorum
1942 2953 2001 3004 et

321 3026 394 3083 ad
421 3026 610 3083 avium
640 3026 1098 3103 reliquorumque
1128 3025 1423 3102 signorum
1453 3032 1513 3083 et
1532 3025 1606 3082 ad
1628 3032 1891 3082 extorum
1912 3044 2001 3083 ve-

320 3107 549 3164 ritatem
581 3112 667 3162 est
694 3105 957 3181 paratior.
1043 3104 1196 3165 LIV.
1285 3111 1417 3163 122.
1452 3105 1585 3164 Hoc
1612 3105 1883 3163 nimirum
1912 3113 1999 3164 est

321 3187 482 3258 illud,
502 3185 658 3264 quod
685 3185 758 3242 de
785 3184 1018 3242 Socrate
1045 3185 1369 3263 accepimus
1398 3184 1667 3264 quodque
1694 3185 1766 3252 ab
1790 3186 1917 3263 ipso
1938 3187 1999 3246 in
