2199 3546
725 160 883 213 CAP.
913 159 1337 223 xvhxvm„
1366 158 1397 222 ἓ
1419 160 1599 212 36-42.
1914 164 2035 223 2⁶⁷,

323 252 480 323 enim
513 253 733 321 veteres
758 261 860 334 illi,
886 260 1096 339 quibus
1119 261 1323 319 'omnia
1344 260 1473 321 fato
1499 261 1626 321 fieri
1649 260 2009 338 videbantur,

323 344 382 401 vi
419 341 567 403 effici
601 348 660 400 et
691 342 1028 400 necessitate
1065 340 1353 401 dicebant.
1440 340 1554 411 Qui
1588 349 1781 401 autem
1813 342 1887 401 ab
1919 343 2012 402 his

322 415 754 494 dissentiebant,
783 422 909 479 fato
942 421 1311 480 adsensiones
1340 421 1665 481 liberabant
1700 422 2012 501 negabant-

323 522 434 581 que
466 503 592 560 fato
625 501 1064 579 adsensionibus
1094 500 1359 559 adhibito
1393 502 1791 561 necessitatem
1818 502 1891 561 ab
1918 503 2011 562 his

320 601 490 660 posse
522 582 818 654 removeri,
841 582 999 659 iique
1025 581 1111 639 ita
1136 580 1524 641 disserebant:
1567 581 1630 641 Si
1660 583 1858 641 omnia
1882 583 2009 641 fato

319 662 484 735 fiunt,
508 663 706 722 omnia
730 662 881 720 fiunt
913 678 1084 719 causa
1108 661 1499 733 antecedente,
1523 668 1599 733 et,
1622 662 1671 719 si
1696 663 2007 741 appetitus,

319 741 418 801 illa
444 744 637 815 etiam,
663 760 808 820 quae
833 742 1161 818 appetitum
1188 749 1521 819 sequuntur,
1545 760 1683 821 ergo
1710 743 1886 800 etiam
1914 742 2012 821 ad7

320 823 628 881 sensioneS.
712 821 814 893 At,
837 822 886 878 si
913 840 1082 879 causa
1108 821 1402 898 appetitus
1430 840 1549 881 non
1575 827 1667 881 est
1690 822 1803 881 sita
1827 822 1889 880 in
1910 842 2011 881 no·

318 901 426 973 bis,
451 920 524 960 ne
549 902 676 980 ipse
704 900 938 979 quidem
959 902 1255 979 appetitus
1282 908 1371 960 est
1397 902 1458 961 in
1487 906 1687 963 nostra
1704 908 2006 979 potestate.

319 980 493 1051 Quod
515 982 573 1039 si
601 982 684 1039 ita
717 988 820 1053 est,
849 1000 923 1039 ne
955 980 1054 1039 illa
1087 980 1340 1058 quidem,
1366 1001 1511 1059 quae
1544 983 2011 1061 appetitu.effici-

318 1068 511 1134 untur,
548 1068 683 1121 sunt
723 1062 836 1119 sita
872 1061 934 1118 in
975 1060 1163 1119 nobis.
1248 1060 1308 1119 N
1310 1080 1387 1119 on
1428 1069 1565 1121 sunt
1604 1062 1783 1139 igitur
1822 1082 2011 1141 neque

318 1142 686 1200 adsensiones
719 1160 906 1219 neque
937 1141 1193 1199 actiones
1220 1142 1281 1201 in
1310 1149 1507 1201 nostra
1532 1148 1835 1219 potestate.
1868 1190 1885 1201 .
1920 1144 2009 1201 Ex

318 1240 436 1300 quo
467 1220 713 1281 efficitur
744 1228 811 1279 ut
843 1241 948 1281 nec
976 1220 1335 1281 laudationes
1367 1222 1551 1281 iustae
1584 1222 1702 1286 sint
1728 1242 1834 1281 nec
1863 1223 2011 1281 vitu-

316 1303 642 1379 perationes
684 1322 791 1361 nec
834 1302 1084 1359 honores
1126 1320 1233 1360 nec
1279 1302 1576 1379 supplicia.
1660 1302 1836 1372 Quod
1874 1322 2025 1367 cum,

316 1382 590 1439 vitiosum
620 1382 711 1453 sit,
732 1381 1107 1458 probabiliter
1134 1380 1399 1439 concludi
1428 1388 1637 1459 putant
1664 1402 1783 1439 non
1813 1384 2009 1443 omnia

315 1460 442 1519 fato
468 1459 594 1519 fieri
623 1480 1014 1539 quaecumque
1041 1459 1199 1518 fiant.

397 1540 625 1600 XVIII.
712 1545 808 1599 41.
848 1540 1210 1617 Chrysippus
1236 1547 1431 1599 autem
1458 1559 1592 1599 cum
1620 1546 1681 1599 et
1707 1542 2009 1601 necessita-

314 1626 434 1680 tem
463 1620 818 1699 improbaret
843 1626 903 1679 et
929 1619 1073 1678 nihil
1104 1620 1276 1678 vellet
1304 1622 1425 1679 sine
1452 1621 1795 1699 praepositis
1821 1623 2007 1681 causis

315 1702 558 1775 evenire,
589 1720 886 1761 causarum
919 1719 1130 1780 genera
1161 1700 1486 1780 distinguit,
1516 1709 1584 1761 ut
1616 1708 1675 1760 et
1706 1702 2007 1761 necessita-

313 1789 434 1841 tem
468 1784 710 1860 effugiat
737 1791 796 1841 et
821 1783 1065 1842 retineat
1090 1783 1297 1840 fatum.
1382 1781 1693 1840 Causarum
1724 1784 1898 1855 enim,
1921 1784 2013 1842 in-·

315 1863 459 1940 quit,
490 1862 634 1920 aliae
675 1869 812 1920 sunt
849 1862 1141 1938 perfectae
1182 1868 1241 1919 et
1273 1861 1633 1939 principaleS‚
1662 1863 1806 1921 aliae
1847 1863 2007 1922 adiu-

313 1948 514 2000 vantes
549 1947 620 2000 'et
660 1942 970 2019 proximae.
1056 1940 1244 2010 Quam
1290 1940 1367 1998 ob
1411 1961 1533 1999 rem
1575 1961 1708 2000 cum
1756 1943 2005 2002 dicimus

314 2021 661 2080 omnia-fato
689 2020 813 2080 fieri
831 2021 1023 2079 ¹causis
1050 2020 1537 2094 antecedentibus,
1560 2040 1679 2080 non
1708 2021 1819 2080 hoc
1842 2023 2004 2090 intel-,

312 2100 428 2179 legi
477 2101 756 2174 volumus,
787 2101 971 2159 causis
1017 2101 1292 2178 perfectis
1340 2107 1399 2159 et
1428 2102 1869 2179 principalibus,
1901 2105 2003 2162 sed

312 2181 496 2240 causis
523 2179 928 2240 adiuvantibus
948 2181 1419 2240 antecedentibus
1436 2187 1499 2239 et
1519 2183 1813 2260 proximis.
1891 2183 2003 2242 Ita-

313 2281 424 2340 que
455 2262 542 2320 illi
568 2262 795 2335 rationi,
821 2281 994 2340 quam
1022 2260 1197 2339 paulo
1230 2269 1363 2322 ante
1396 2262 1665 2334 conclusi,
1692 2263 1772 2322 sic
1806 2283 2001 2334 occur·

310 2343 420 2402 rit:
465 2342 530 2402 Si
562 2343 762 2402 omnia
789 2342 917 2402 fato
947 2342 1109 2414 fiant,
1140 2342 1303 2422 sequi
1334 2335 1479 2401 illud
1511 2343 1763 2420 quidem,
1787 2351 1855 2402 ut
1882 2364 2003 2402 om·-

309 2423 407 2481 nia
439 2423 624 2483 causis
655 2423 798 2484 fiant
831 2423 1189 2503 antepositis,
1212 2442 1410 2482 verum
1438 2443 1558 2481 non
1582 2424 2000 2502 principalibus

310 2505 495 2561 causis
549 2511 610 2562 et
655 2505 944 2581 perfectis,
985 2504 1088 2562 sed
1141 2503 1547 2562 adiuvantibus
1594 2511 1654 2562 et
1700 2504 1995 2581 proximis.

310 2581 469 2650 Quae
498 2583 547 2640 si
573 2584 732 2660 ipsae
758 2601 875 2640 non
899 2584 1016 2641 sint
1041 2584 1103 2640 in
1132 2589 1328 2640 nostra
1348 2589 1651 2659 potestate,
1675 2602 1791 2641 non
1816 2584 2000 2660 sequi·

308 2668 406 2719 tur
444 2667 511 2719 ut
542 2680 616 2719 ne
656 2663 949 2740 appetitus
989 2661 1225 2739 quidem
1260 2662 1339 2720 sit
1367 2663 1430 2719 in
1462 2670 1659 2720 nostra
1690 2669 1993 2740 potestate.

309 2740 396 2798 At
427 2741 540 2799 hoc
579 2747 924 2819 sequeretur,
955 2741 1005 2798 si
1037 2740 1235 2800 omnia
1265 2742 1541 2818 perfectis
1582 2749 1641 2800 et
1673 2742 1998 2820 principali·

308 2818 417 2879 bus
461 2820 646 2879 causis
688 2819 813 2880 fieri
855 2821 1190 2892 diceremus,
1221 2828 1304 2892 ut,
1334 2840 1468 2880 cum
1502 2821 1611 2886 hae
1641 2840 1845 2880 causae
1876 2841 1994 2880 non

309 2907 498 2959 essent
516 2902 578 2959 in
605 2908 803 2959 nostra
827 2905 1133 2977 potestate,
1155 2919 1231 2962 ne
1256 2900 1352 2959 ille
1381 2901 1616 2978 quidem
1638 2908 1789 2960 esset
1814 2900 1874 2961 in
1896 2921 1997 2959 no-

307 2986 426 3038 stra
451 2987 753 3058 potestate.
839 2985 934 3038 42.
978 2979 1169 3050 Quam
1202 2979 1279 3038 ob
1306 2999 1427 3038 rem
1459 2982 1559 3058 qni
1586 2981 1668 3040 ita
1694 2981 1883 3050 fatum
1912 2981 1996 3040 in-

306 3061 637 3132 troducunt,
666 3066 735 3118 ut
766 3061 1165 3118 necessitatem
1196 3059 1533 3138 adiungunt,
1555 3061 1615 3118 in
1650 3081 1750 3120 eos
1781 3061 1995 3132 valebit

307 3140 405 3199 illa
437 3141 743 3200 conclusiO.
826 3139 943 3210 Qui
975 3146 1169 3199 autem
1202 3158 1399 3198 causas
1431 3141 1833 3206 antecedentes
1872 3160 1991 3218 non

307 3220 505 3280 dicent
529 3221 813 3297 perfectas
845 3217 1030 3299 neque
1061 3219 1425 3297 principales,
1450 3221 1509 3278 in
1543 3221 1820 3286 eosnihil
1848 3221 1993 3296 γελᾳς
