2199 3546
659 155 798 207 12113.
818 155 916 219 11.‚
939 154 1098 207 CAP.
1117 156 1372 219 vl.-1x.,
1396 155 1427 217 ἓ
1452 160 1625 208 17-22.
1894 162 1990 209 203

301 263 470 316 ut'ne
496 255 644 315 illud
671 256 905 335 quidem
939 256 1116 315 seiam
1147 257 1312 335 quale
1348 257 1441 329 sit,
1467 260 1623 336 quod
1650 258 1989 318 Deiotarum

301 337 648 395 familiarem
675 336 936 395 nostrum
965 344 1026 394 et
1053 330 1433 395 necessarium
1466 358 1536 395 ex
1566 340 1769 397 itinere
1802 341 1993 417 aquila

301 418 606 476 revocavit.
693 414 947 487 Qui'nisi
977 417 1317 489 revertisset,
1342 418 1400 475 in
1431 437 1499 475 eo
1534 420 1790 477 conclavi
1818 422 1870 477 ei
1900 440 1994 477 cu-

301 498 560 555 bandum
588 498 811 569 fuisset,
839 496 996 575 quod
1021 497 1291 575 proxima
1316 504 1485 555 nocte
1512 501 1743 558 corruit.
1803 500 1993 559 Ruina

302 578 484 657 igitur
511 576 815 655 oppressus
842 584 1006 635 esset.
1063 576 1153 635 At
1175 577 1239 634 id
1254 588 1467 655 -neque‘,
1492 578 1538 635 si
1566 578 1753 635 fatum
1784 581 1989 651 fuerat,

305 658 620 735 effugisset,
649 676 772 727 nec,
803 657 853 715 si
884 656 1250 729 non-fuerat,
1273 658 1335 714 in
1356 672 1728 715 -eum‘casum
1762 660 1993 717 incidis-

305 744 408 797 set.
467 737 624 807 Quid
649 756 788 815 ergo
815 736 1051 795 adiurat
1077 736 1397 795 divinatio?
1428 744 1531 795 aut
1552 738 1807 815 quid-est
1836 740 1987 816 quod

303 838 400 877 me
431 824 708 877 moneant
733 824 835 876 aut
861 824 1044 875 sortes
1076 824 1179 876 aut
1204 824 1339 875 exta
1364 824 1466 877 aut
1492 817 1609 875 ulla
1634 818 1995 896 praedictio?

305 897 371 957 Si
403 899 559 958 enim
579 896 936 970 fatumfuit,
961 898 1167 955 classes
1193 898 1398 976 populi
1424 896 1672 956 Romani
1702 898 1854 956 bello
1882 899 1994 957 Pu-

303 979 438 1037 nico
465 979 660 1057 primo·
687 978 924 1037 alteram
965 978 1287 1055 naufragio,
1320 978 1554 1036 alteram
1589 998 1623 1035 a
1654 978 1867 1037 Poenis
1900 984 1994 1037 de-

304 1062 558 1137 pressam
585 1058 835 1130 interire,
857 1059 1034 1117 etiam
1061 1059 1111 1115 si
1132 1058 1451 1136 tripudium
1482 1058 1826 1117 solistimum
1850 1060 1992 1137 pulli

305 1140 580 1199 fecissent
606 1138 668 1197 L.
693 1138 864 1197 Iunio
891 1146 952 1197 et
979 1138 1046 1197 P.
1068 1138 1277 1197 Clodio
1310 1138 1657 1212 consulibus,
1682 1140 1885 1198 classes
1914 1148 1995 1197 t-a-

304 1238 440 1277 men
473 1220 816 1278 interissent.
907 1218 1028 1290 Sin,
1060 1238 1193 1277 cum
1228 1220 1497 1297 auspiciis
1530 1220 1991 1298 obtemperatum

305 1306 470 1371 esset,
495 1299 827 1358 interiturae
853 1298 1059 1357 classes
1083 1318 1205 1356 non
1232 1300 1484 1371 fuerunt,
1508 1319 1625 1357 non
1654 1301 1993 1359 interierunt

304 1379 466 1438 fato:
500 1379 676 1437 vultis
701 1386 895 1437 autem
925 1380 1122 1437 omnia
1146 1380 1306 1437 fato:
1349 1379 1509 1437 nulla
1534 1380 1713 1456 igitur
1738 1387 1827 1437 est
1853 1381 1995 1438 divi-

304 1460 482 1517 nati0.
541 1464 635 1517 21.
672 1458 844 1529 Quod
872 1460 921 1516 si
948 1459 1139 1517 fatum
1168 1459 1285 1517 fuit
1311 1458 1461 1516 bello
1490 1458 1713 1517 Punico
1742 1460 1993 1517 secundo

307 1539 620 1597 exercitum
661 1539 864 1617 populi
906 1538 1157 1597 Romani
1198 1539 1272 1596 ad
1312 1539 1498 1596 lacum
1538 1538 1992 1597 Trasumennum

306 1620 555 1693 interire,
577 1638 718 1677 num
749 1619 812 1677 id
840 1619 1008 1677 vitari
1035 1620 1246 1696 potuit,
1272 1620 1319 1677 si
1349 1619 1663 1677 Flaminius
1696 1620 1894 1677 consul
1925 1620 1995 1676 iis

307 1699 487 1778 signis
515 1700 699 1779 iisque
733 1699 1018 1777 auspiciiS,
1045 1699 1255 1778 quibus
1280 1718 1535 1778 pugnare
1564 1699 1991 1778 prohibebatur,

307 1781 621 1858 paruisset?
701 1779 872 1838 Certe
904 1799 1021 1837 non
1055 1781 1267 1858 potuit.
1352 1781 1480 1838 Aut
1509 1782 1687 1858 igitur
1717 1800 1837 1844 non,
1869 1781 1995 1838 fato

307 1861 528 1918 interiit
561 1861 1135 1918 exercitus—mutari
1168 1861 1323 1918 enim
1356 1861 1481 1917 fata
1523 1879 1637 1916 non
1666 1867 1997 1938 possunt——

306 1949 424 2012 aut,
453 1941 505 1998 si
545 1940 912 2017 fato—»quod
955 1947 1108 1998 certe
1149 1939 1313 1997 vobis
1353 1941 1438 1997 ita
1476 1939 1786 1996 dicendum
1828 1947 1997 1998 est—-

307 2021 482 2080 etiam
533 2021 582 2078 si
627 2019 1079 2097 obtemperasset
1123 2020 1409 2096 auspiciis,
1454 2019 1609 2076 idem
1656 2026 1994 2077 eventurum

306 2102 528 2159 fuisset.
603 2099 739 2160 Ubi
787 2107 877 2158 est
925 2100 1108 2176 igitur
1150 2100 1431 2157 divinatio
1458 2100 1589 2157 ista
1632 2099 1995 2158 Stoicorum?

308 2201 470 2259 quae,
495 2181 545 2239 si
571 2179 696 2239 fato
712 2178 924 2251 {omnia
951 2180 1114 2252 fiunt,
1138 2179 1285 2236 nihil
1312 2199 1420 2237 nos
1447 2179 1755 2238 admonere
1782 2188 1993 2258 potest,

297 2269 376 2319 ‘ut
403 2262 686 2332 cautiores
714 2261 894 2318 simus
913 2279 946 2319 :-
971 2279 1207 2338 quoquo
1236 2261 1389 2318 enim
1418 2260 1596 2318 modo
1631 2279 1737 2318 nos
1764 2261 1998 2338 gesseri-

306 2361 454 2414 muS,
484 2341 596 2400 fiet.
616 2349 812 2400 tamen
841 2339 1000 2413 illud,
1034 2340 1193 2419 quod
1220 2341 1481 2398 futurum
1514 2346 1635 2400 est:
1680 2341 1768 2398 sin
1802 2348 1995 2400 autem

307 2421 372 2480 id
402 2428 599 2498 potest
630 2421 800 2493 flecti,
832 2421 1055 2480 nullum
1091 2422 1433 2479 est-fatum:
1477 2421 1563 2478 ita
1601 2441 1674 2479 ne
1716 2422 1997 2479 divinatio

309 2503 562 2580 quidem,
605 2503 877 2579 quoniam
927 2521 996 2560 ea
1040 2519 1231 2560 rerum
1276 2502 1601 2558 futurarum
1624 2507 1748 2559 est.
1833 2500 1996 2558 Nihil

308 2590 503 2641 autem
529 2589 619 2640 est
638 2601 746 2658 pro
775 2589 930 2640 certo
951 2583 1233 2654 futurum,
1260 2581 1417 2659 quod
1437 2587 1631 2658 potest
1654 2580 1843 2657 aliqua
1870 2599 2000 2657 pro-

309 2663 605 2720 curatione
633 2662 889 2720 accidere
916 2678 990 2720 ne
1015 2661 1131 2719 fiat.

261 2745 291 2794 ὃ
391 2742 498 2801 IX.
544 2748 638 2800 22.
682 2741 882 2820 Atque
903 2760 1011 2818 ego
1033 2759 1109 2798 ne
1128 2741 1330 2799 utilem
1354 2739 1585 2818 quidem
1611 2738 1857 2796 arbitror
1876 2757 1997 2796 esse

308 2822 482 2880 nobis
513 2823 840 2880 futurarum
876 2839 1062 2879 rerum
1099 2821 1412 2884 scientiam.
1498 2818 1659 2888 Quae
1692 2819 1845 2876 enim
1881 2819 1999 2876 vita

309 2902 518 2961 fuisset
544 2902 796 2973 Priamo,
829 2902 877 2958 si
905 2901 978 2958 ab
1010 2901 1397 2958 adulescentia
1426 2899 1623 2956 scisset
1657 2917 1801 2977 quos
1835 2917 2000 2956 even-

309 2989 407 3041 tus
435 2982 745 3040 senectutis
776 2987 926 3039 esset
953 2980 1291 3038 habiturus?
1371 2979 1667 3037 Abeamus
1701 2997 1735 3034 a
1765 2977 1996 3047 fabulis

311 3063 586 3139 propiora
635 3060 946 3119 videamus
1031 3059 1492 3118 Clarissimorum
1540 3058 1845 3116 hominum
1900 3077 1999 3114 no-

313 3149 464 3200 strae
498 3142 748 3200 civitatis
779 3141 1149 3218 gravissimos
1180 3141 1367 3196 exitus
1400 3140 1458 3196 in
1498 3138 1533 3166 ‘⁴
1552 3138 1945 3196 consolatione
1962 3137 1997 3166 ’⁹

312 3222 668 3298 collegimus.
753 3220 909 3290 Quid
935 3220 1153 3298 igitur?
1192 3226 1259 3276 ut
1292 3219 1629 3277 omittamus
1662 3219 1997 3297 superiores,
