2199 3546
255 121 318 204 le
702 155 804 205 DE
827 152 1141 238 *NATURA
1168 155 1492 208 DEORUM.

253 255 449 313 Solem
483 255 764 332 adiungit,
787 262 1165 334 octavamque
1197 255 1439 329 Lunam,
1472 256 1571 334 qui
1613 275 1730 334 quo
1770 275 1945 316 sensu

252 334 409 393 beati
449 354 570 393 esse
611 335 836 412 possint
867 336 1125 413 intellegi
1164 355 1281 395 non
1314 344 1523 414 potest.
1608 336 1698 394 Ex
1738 337 1943 396 eadem

254 414 516 473 Platonis
543 414 740 472 schola
766 415 1045 474 Ponticus
1073 416 1409 476 Heraclides
1435 416 1751 495 puerilibus
1778 417 1944 476 fabu-

253 495 324 552 lis
365 495 592 553 refersit
631 495 824 568 libros,
849 503 909 554 et
948 503 1076 554 tum
1110 540 1125 554 .
1157 540 1171 554 .
1202 540 1217 554 .
1254 498 1432 555 modo
1474 497 1776 568 mundum,
1812 503 1941 555 tum

252 582 507 634 mentem
539 575 796 632 divinam
829 595 952 634 esse
983 582 1169 654 putat,
1192 575 1513 634 errantibus
1544 577 1721 634 etiam
1762 577 1943 637 stellis

253 655 614 713 divinitatem
635 655 841 713 tribuit
869 675 1151 733 sensuque
1178 655 1353 714 deum
1374 656 1563 733 privat
1590 664 1650 714 et
1676 657 1799 714 eius
1824 657 1943 715 for-

251 754 407 792 mam
441 734 779 792 mutabilem
813 754 935 793 esse
962 735 1104 807 vult,
1128 735 1449 813 eodemque
1474 736 1537 794 in
1565 736 1713 795 libro
1746 755 1943 794 rursus

251 824 462 874 terram
491 822 550 872 et
577 814 796 872 caelum
829 815 1008 872 refert
1035 815 1096 872 in
1124 815 1280 874 deos.
1350 822 1444 874 35.
1481 816 1603 874 Nee
1630 836 1765 875 vero
1794 815 1943 874 The·

253 894 512 972 ophrasti
541 895 926 953 inconstantia
951 895 1191 953 ferenda
1218 902 1337 954 est:
1370 896 1550 954 modo
1578 896 1733 954 enim
1755 897 1941 954 menti

251 974 513 1032 divinum
541 974 747 1032 tribuit
768 974 1172 1052 principatum,
1196 975 1373 1034 modo
1396 975 1568 1047 cae10‚
1588 983 1717 1034 tum
1744 982 1941 1034 autem

251 1054 432 1130 signis
459 1053 852 1132 sideribusque
879 1054 1233 1114 caelestibus
1318 1055 1378 1113 N
1377 1075 1442 1113 ec
1470 1055 1789 1114 audiendus
1816 1056 1941 1114 eins

251 1134 480 1191 auditor
501 1134 713 1206 Strat0,
736 1135 786 1192 is
809 1134 908 1212 qui
928 1134 1203 1212 physicus
1229 1135 1563 1213 appellatur,
1584 1137 1684 1213 qui
1705 1154 1941 1194 omnem

251 1214 370 1271 vim
393 1213 685 1271 divinam
670 1234 730 1271 111
759 1222 964 1274 natura
991 1215 1163 1272 sitam
1190 1235 1313 1273 esse
1342 1222 1551 1287 censet,
1576 1234 1721 1294 quae
1742 1235 1942 1274 causas

250 1293 547 1370 gignendi,
571 1294 836 1372 augendi,
859 1294 1163 1352 minuendi
1182 1294 1406 1364 habeat,
1430 1295 1533 1353 sed
1560 1302 1750 1354 careat
1777 1295 1941 1352 omni

252 1393 420 1431 sensu
455 1381 514 1432 et
547 1373 744 1450 figura.
829 1374 996 1434 XIV.
1067 1380 1162 1433 36.
1199 1375 1354 1433 Zeno
1382 1384 1591 1446 autem,
1614 1383 1683 1434 ut
1712 1376 1829 1433 iam
1864 1375 1941 1433 ad

249 1461 487 1527 vesti-OS,
510 1453 708 1526 Balbe,
730 1454 972 1525 veniam,
992 1455 1306 1512 naturalem
1330 1455 1516 1546 legem
1540 1456 1795 1513 divinam
1816 1474 1941 1514 esse

251 1542 446 1594 censet
485 1553 726 1611 eamque
755 1535 873 1592 vim
911 1533 1174 1592 obtinere
1214 1546 1371 1592 recta
1394 1535 1784 1622 imperantem
1810 1555 1942 1612 pro-

251 1613 664 1706 hibentemque
692 1614 990 1672 contraria.
1076 1614 1264 1683 Quam
1292 1609 1478 1691 legem
1508 1635 1623 1692 quo
1651 1615 1829 1674 modo
1858 1615 1942 1673 ef-

251 1693 412 1752 ficiat
437 1695 790 1752 animantem
822 1692 1155 1770 intellegere
1187 1713 1304 1752 non
1338 1713 1660 1770 possumus
1744 1694 1941 1754 Deum

253 1782 446 1832 autem
487 1776 840 1832 animantem
883 1781 1036 1833 certe
1080 1773 1343 1832 volumus
1384 1794 1519 1833 esse.
1608 1776 1802 1853 Atque
1844 1775 1941 1835 hie

252 1855 408 1912 idem
437 1855 548 1912 alio
578 1855 706 1912 loco
735 1854 967 1912 aethera
993 1854 1169 1913 deum
1198 1854 1356 1926 dicit,
1382 1856 1430 1911 si
1460 1854 1717 1933 intellegi
1744 1862 1943 1933 potest

252 1934 397 1991 nihil
433 1935 684 1993 sentiens
717 1935 874 2006 deus,
896 1934 996 2012 qui
1029 1954 1325 2012 nunquam
1357 1934 1527 1993 nobis
1560 1936 1807 1994 occurrit
1847 1955 1944 1995 ne-

255 2033 365 2091 que
384 2015 446 2072 in
467 2014 731 2092 precibus
751 2034 937 2093 neque
958 2015 1020 2073 in
1041 2015 1257 2091 optatis
1277 2033 1463 2093 neque
1483 2016 1543 2072 in
1565 2016 1732 2075 votis,
1789 2016 1943 2074 Aliis

253 2102 446 2153 autem
479 2095 640 2152 libris
681 2095 964 2154 rationem
1005 2094 1293 2171 quandam
1325 2114 1429 2171 per
1471 2095 1733 2153 omnium
1772 2103 1937 2155 natu-

253 2194 376 2231 ram
409 2193 596 2231 rerum
630 2175 1014 2251 pertinentem
1043 2174 1102 2231 vi
1130 2173 1325 2231 divina
1356 2192 1478 2231 esse
1510 2174 1799 2231 adfectam
1839 2192 1945 2250 pu-

253 2260 355 2311 tat.
429 2253 592 2311 Idem
621 2254 788 2310 astris
815 2253 926 2310 hoc
953 2253 1111 2310 idem
1132 2253 1351 2325 tribuit,
1376 2260 1503 2311 tum
1530 2254 1711 2324 annia
1735 2254 1944 2311 mensi·

253 2333 362 2391 bus
395 2351 792 2408 annorumque
825 2331 1260 2390 mutationibus,
1336 2298 1495 2391 ’Cum
1525 2352 1659 2391 vero
1693 2333 1942 2392 Hesiodi

254 2412 627 2504 theogeniam
659 2406 748 2485 [id
775 2419 878 2483 est,
899 2411 1181 2490 originem
1216 2410 1482 2491 deorum]
1512 2414 1939 2491 interpretatur,

256 2492 411 2550 tollit
438 2492 678 2549 omnino
711 2492 951 2549 usitatas
977 2500 1390 2571 perceptasque
1418 2494 1781 2571 cognitiones
1808 2492 1945 2551 deo·

255 2592 398 2631 rum.
491 2571 694 2649 Neque
744 2572 901 2629 enim
943 2572 1142 2630 Iovem
1190 2592 1375 2665 neque
1424 2573 1706 2631 Iunonem
1755 2591 1943 2650 neque

256 2652 496 2711 Vestam
525 2670 712 2729 neque
741 2671 1107 2730 quemquam,
1129 2653 1229 2731 qui
1254 2654 1338 2711 ita
1363 2654 1697 2731 appellatur,
1718 2653 1780 2709 in
1808 2652 1944 2710 deo-

255 2752 384 2789 rum
419 2732 593 2789 habet
625 2750 882 2801 numere,
915 2732 1016 2790 sed
1047 2732 1265 2791 rebus
1249 2734 1522 2791 inanimis
1562 2740 1735 2811 atque
1762 2732 1944 2790 mutis

258 2827 361 2885 per
394 2809 680 2884 quandam
731 2776 1209 2889 significationem
1232 2812 1372 2871 haec
1400 2813 1571 2871 docet
1598 2812 1816 2870 tributa
1842 2831 1944 2869 no-

257 2895 430 2948 mina.
501 2890 592 2949 37.
630 2889 808 2948 Cuius
831 2891 1096 2969 discipuli
1116 2892 1407 2951 Aristonis
1428 2912 1545 2949 non
1566 2892 1759 2949 minus
1785 2910 1945 2985 mag-

257 2990 336 3027 no
363 2971 424 3027 in
453 2990 640 3028 errore
673 2972 960 3028 sententia
985 2979 1088 3043 est,
1110 2972 1210 3049 qui
1241 2990 1427 3048 neque
1460 2971 1709 3028 formam
1739 2970 1875 3029 dei
1858 2990 1946 3028 in-

258 3050 452 3126 tellegi
481 3069 648 3127 posse
681 3057 909 3107 censeat
940 3069 1125 3127 neque
1153 3051 1214 3106 in
1250 3050 1337 3107 dis
1371 3069 1599 3107 sensum
1633 3069 1754 3108 esse
1788 3050 1947 3109 dicat

260 3130 599 3205 dubitetque
634 3130 872 3185 omnino
907 3128 1047 3186 deus
1073 3130 1335 3186 animans
1362 3148 1539 3188 necne
1568 3130 1658 3187 sit.
1743 3129 1947 3188 Clean-

259 3208 389 3267 thes
425 3217 636 3280 autem,
654 3208 754 3280 qui
787 3206 1076 3267 Zenonem
1109 3208 1331 3267 audivit
1360 3227 1477 3269 una
1502 3226 1635 3269 cum
1662 3228 1749 3282 e0,
1769 3228 1945 3286 quem
