2199 3546
525 145 667 198 LIB.
691 145 789 208 11„
810 146 969 197 CAP.
991 147 1456 207 xxxix-xm„
1480 146 1509 206 §
1538 149 1752 196 98-105.
1922 149 1989 196 83

291 253 428 308 103.
461 247 626 306 Luna
652 255 864 320 autem,
887 249 1257 326 quae'est,'ut
1284 249 1600 307 ostendunt
1626 247 1991 316 mathemati-

291 328 362 400 ci,
379 329 566 386 maior
594 347 766 406 quam
793 328 1050 398 dimidia,
1065 347 1197 406 pars
1218 335 1417 399 terrae,
1438 329 1642 388 iisdem
1674 330 1877 407 spatiis
1900 349 1990 386 va-

291 416 463 486 gatur
491 409 702 485 quibus
727 409 832 480 sol,
853 409 951 468 sed
973 416 1101 468 tum
1130 409 1509 486 congrediens
1537 429 1670 466 cum
1700 410 1835 480 sole,
1858 417 1984 467 tum

292 488 634 566 degrediens
661 495 721 548 et
747 509 874 550 eam
895 488 1107 560 lucem,
1130 509 1301 566 quam
1330 508 1365 546 a
1392 489 1511 548 sole
1540 490 1777 566 accepit,
1802 489 1988 546 mittit

291 569 352 626 in
381 575 562 626 terras
590 576 649 627 et
677 570 859 626 varias
887 569 1014 646 ipsa
1039 569 1184 626 lucis
1218 570 1569 629 mutationes
1597 569 1787 641 habet,
1814 576 1988 646 atque

292 648 468 706 etiam
489 656 616 706 tum
645 648 904 707 subiecta
929 656 1103 728 atque
1133 650 1419 742 opposita·
1430 649 1537 707 soli
1558 649 1751 707 radios
1776 650 1901 708 eius
1930 655 1989 707 et

291 727 488 786 lumen
517 729 800 801 obscurat,
819 729 986 788 tum
967 748 1096 806 lpsa
1121 729 1419 788 incidens
1403 749 1465 786 ιιι
1494 728 1756 786 umbram
1784 737 2027 800 terrae„

292 827 425 866 cum
455 816 543 867 est
569 827 602 868 e
628 809 862 886 regione
889 810 1042 881 solis,
1063 810 1412 887 interpositu
1434 809 1853 902 interiectuque
1880 816 1989 868 ter·

289 904 388 946 rae
434 895 671 966 repente
712 888 922 949 deficit.
1009 889 1341 967 Iisdemque
1384 890 1585 967 spatiis
1628 908 1728 948 eae
1774 888 1984 960 stellae,

293 987 435 1046 quas
465 987 640 1046 vagas
674 969 936 1049 dicimuS,
963 969 1180 1028 circum
1215 977 1426 1028 terram
1461 970 1726 1027 feruntur
1760 969 1987 1028 eodem-

293 1067 405 1126 que
438 1049 616 1108 modo
651 1049 913 1108 oriuntur
946 1057 1006 1108 et
1039 1049 1329 1122 occidunt,
1357 1068 1596 1127 quarum
1630 1056 1827 1107 motus
1856 1057 1985 1107 tum

291 1128 621 1202 incitantur,
657 1136 786 1188 tum
833 1129 1211 1202 retardantur,
1248 1149 1417 1206 saepe
1466 1130 1643 1188 etiam
1690 1130 1982 1190 insistunt.

295 1214 427 1267 104.
466 1209 596 1278 Quo
642 1210 966 1287 spectaculo
1001 1209 1147 1267 nihil
1182 1217 1375 1288 potest
1409 1209 1802 1269 admirabilius
1844 1229 1984 1282 esse,

291 1288 437 1347 nihil
453 1289 763 1366 pulchrius,
823 1289 1097 1368 Sequitur
1114 1290 1405 1350 stellarum
1418 1289 1793 1348 inerrantium
1808 1290 1988 1348 maxi-

290 1387 389 1426 ma
415 1369 750 1442 multitudO,
771 1389 1012 1448 quarum
1041 1371 1126 1428 ita
1152 1356 1442 1447 descripta
1470 1369 1769 1428 distinctio
1797 1379 1901 1442 est,
1918 1377 1987 1428 ut

291 1468 363 1506 ex
405 1456 673 1507 notarum
704 1449 1018 1528 figurarum
1062 1451 1441 1522 similitudine
1482 1451 1720 1508 nomina
1759 1449 1987 1508 invene-

290 1528 424 1588 rint.
511 1528 666 1588 XLI.
698 1531 900 1608 Atque
938 1529 1050 1588 hoc
1092 1529 1220 1590 loco
1260 1550 1356 1589 me
1396 1531 1660 1589 intuens:
1705 1529 1871 1601 Utar,
1904 1531 1987 1586 in-

293 1609 437 1686 quit,
463 1609 811 1667 carminibus
844 1610 1026 1682 Arati,
1055 1610 1129 1668 iis
1164 1629 1309 1688 quae
1342 1630 1378 1668 a
1407 1617 1467 1668 te
1500 1611 1817 1669 admodum
1849 1609 1987 1667 adu-

289 1688 606 1747 lescentulo
625 1708 897 1762 conversa
912 1691 996 1748 ita
1014 1707 1109 1750 me
1130 1691 1435 1757 delectant,
1452 1691 1589 1768 quia
1606 1689 1811 1748 Latina
1831 1696 1984 1762 sunt,

289 1776 358 1828 ut
378 1769 564 1828 multa
590 1790 659 1829 ex
681 1770 753 1829 iis
780 1771 1060 1833 memoria
1086 1778 1330 1830 teneam.
1398 1771 1573 1848 Erg0‚
1595 1777 1661 1829 ut
1683 1770 1863 1830 oculis
1892 1770 1987 1827 ad-

291 1850 457 1909 sidue
485 1850 765 1925 videmuS,
788 1852 910 1911 sine
937 1851 1054 1913 ulla
1079 1852 1403 1910 mutatione
1430 1857 1532 1909 aut
1560 1852 1833 1909 varietate

425 1989 604 2039 Cetera
624 1974 857 2040 labuntur
879 1978 1026 2041 celeri
1049 1988 1284 2041 caelestia
1308 1997 1466 2050 motu,

425 2055 557 2104 Cum
580 2056 814 2120 caeloque
837 2057 984 2105 simul
1007 2066 1278 2120 noctesque
1302 2056 1505 2119 diesque
1529 2054 1770 2116 feruntur,

297 2189 431 2243 105.
470 2203 718 2262 quorum
757 2184 1247 2262 contemplatione
1288 2180 1501 2243 nullius
1546 2182 1759 2261 expleri
1792 2188 1986 2262 potest

291 2264 522 2323 animus
547 2271 784 2324 naturae
811 2266 1193 2323 constantiam
1224 2264 1414 2323 videre
1442 2264 1743 2342 cupientis,

425 2404 795 2468 Extremusque
816 2403 942 2454 adeo
963 2404 1147 2469 duplici
1170 2405 1233 2455 de
1254 2404 1455 2455 cardine
1474 2410 1649 2453 vertex

425 2469 628 2519 Dicitur
647 2484 756 2519 esse
777 2468 936 2533 polus.

293 2595 472 2734 {lianc
513 2595 729 2655 circum
766 2603 959 2655 arctoe
990 2596 1139 2656 duae
1170 2596 1451 2669 feruntur,
1480 2614 1797 2674 numquam
1840 2594 1981 2653 ocei-

338 2682 518 2737 entes,

427 2804 513 2853 Ex
535 2804 612 2853 his
633 2804 792 2859 altera
808 2803 943 2868 apud
965 2803 1145 2855 Graios
1166 2802 1425 2868 Cynosura
1444 2808 1669 2865 vocatur,

427 2869 608 2919 Altera
627 2870 812 2919 dicitur
833 2884 942 2921 esse
962 2869 1155 2931 Helice,

295 2997 460 3055 cuius
489 2997 723 3074 quidem
752 2995 1090 3053 clarissimas
1120 2994 1309 3052 stellas
1335 2990 1478 3051 totis
1510 2989 1779 3049 noctibus
1807 2988 1985 3047 cerni-

295 3096 446 3147 mus,

429 3203 568 3266 Quas
588 3202 748 3253 nostri
769 3191 958 3264 septem
979 3200 1112 3250 soliti
1132 3171 1595 3248 vocitareTriones.
