2199 3546
185 113 254 162 66
635 113 736 163 DE
767 113 1067 165 NATURA
1099 113 1423 166 DEORUM.

188 216 411 294 opinor,
442 215 644 274 diebus
685 216 878 273 minus
920 216 1164 274 eundem
1210 216 1414 274 lustrat
1454 215 1651 274 orbem
1706 235 1880 294 quem

187 299 334 356 duae
375 298 708 375 superiores,
795 297 957 354 Infra
987 296 1137 353 hanc
1178 303 1370 353 autem
1415 295 1579 352 stella
1610 295 1878 353 Mercurii

188 386 306 436 est:
351 397 418 436 ea
445 375 705 450 Στίλβων
735 377 1056 454 appellatur
1083 396 1117 433 a
1138 375 1388 446 Graecis,
1410 395 1555 453 quae
1583 395 1735 432 anno
1757 376 1881 433 fere

190 465 444 516 vertente
479 458 820 534 signiferum
855 457 1059 514 lustrat
1087 455 1285 514 orbem
1321 475 1507 532 neque
1540 475 1575 512 a
1606 455 1726 512 sole
1758 455 1884 512 lon-

186 537 317 614 gius
345 557 620 615 umquam
649 537 820 595 unius
847 537 998 613 signi
1027 535 1329 593 intervallo
1356 534 1601 594 discedit
1627 544 1753 592 tum
1784 555 1883 592 an-

187 625 488 692 tevertenS,
502 625 628 675 tum
651 617 1016 694 subsequens,
1081 614 1291 673 Infima
1312 623 1398 673 est
1420 615 1675 693 quinque
1696 634 1885 672 erran-

187 699 335 756 tium
368 707 663 776 terraeque
696 697 960 774 proxima
991 696 1157 754 stella
1188 695 1449 766 Veneria,
1480 715 1626 772 quae
1658 697 1885 770 Φωσφό-

185 778 542 851 pocGraece,
565 777 770 835 Latine
803 777 1016 834 dicitur
1048 775 1295 847 Lucifer,
1321 795 1453 833 cum
1486 775 1884 853 antegreditur

188 858 386 930 solem,
405 877 537 915 cum
565 856 933 934 subsequitur
953 853 1460 930 autem‚‘⁴Em=-epoc.
1537 855 1623 912 Ea
1648 874 1881 912 cursum

187 957 342 994 anno
375 937 606 1002 conficit
639 945 697 994 et
730 936 1096 994 latitudinem
1128 935 1388 1000 'lustrans
1428 934 1692 1012 signiferi
1726 935 1882 992 orbis

189 1025 246 1075 et
274 1016 732 1093 longitudinem:
777 1016 936 1093 quod
963 1016 1119 1073 idem
1147 1016 1373 1074 faciunt
1401 1015 1595 1074 stellae
1629 1015 1885 1092 superio-

188 1115 292 1168 res,
302 1115 490 1174 neque
511 1115 785 1173 umquam
805 1095 878 1154 ab
896 1095 1014 1154 sole
1033 1096 1279 1154 duorum
1300 1097 1597 1172 signorum
1616 1094 1883 1152 interval·

187 1177 245 1233 lo
273 1176 504 1254 longius
529 1175 776 1234 discedit
802 1183 927 1233 tum
963 1176 1324 1247 antecedens»,
1349 1183 1473 1234 tum
1510 1175 1880 1252 subsequens

188 1255 357 1314 XXI.
403 1261 496 1314 54.
522 1255 692 1314 Hanc
709 1256 888 1332 igitur
905 1255 963 1312 in
984 1255 1165 1314 stellis
1181 1256 1581 1327 constantiam,
1594 1255 1745 1312 hane.
1758 1263 1885 1312 tan-

188 1344 306 1394 tam
337 1343 456 1393 tam
485 1336 656 1393 variis
683 1335 942 1393 cursibus
969 1335 1029 1392 in
1059 1336 1221 1392 omni
1250 1337 1587 1394 aeternitate
1616 1335 1885 1392 conveni—

189 1417 403 1474 entiam
433 1424 762 1494 temporum
791 1435 910 1474 non
939 1435 1175 1493 possum
1207 1415 1536 1492 intellegere
1570 1415 1691 1472 sine
1724 1433 1885 1472 men-

189 1504 264 1568 te,
281 1497 518 1568 ratione,
537 1497 795 1554 consilio,
865 1495 1026 1565 Quae
1047 1515 1181 1554 cum
1204 1495 1263 1552 in
1294 1495 1576 1553 sideribus
1596 1495 1781 1552 inesse
1802 1495 1883 1552 vi-

189 1577 442 1648 deamuS‚
461 1595 578 1634 non
607 1595 914 1652 possumus
941 1595 1008 1634 ea
1035 1577 1161 1653 ipsa
1186 1595 1303 1633 non
1326 1575 1386 1632 in
1416 1575 1654 1633 deorum
1684 1594 1883 1632 nume-

191 1677 254 1714 ro
277 1676 566 1734 reponere.
637 1655 758 1713 Nec
780 1676 916 1713 vero
938 1657 1133 1714 stellae
1155 1675 1270 1726 eae,
1288 1675 1433 1733 quae
1455 1655 1768 1712 inerrantes
1786 1673 1883 1712 vo-

191 1743 409 1809 cantur,
429 1755 548 1795 non
567 1735 892 1813 significant
913 1735 1155 1795 eandem
1178 1743 1431 1793 mentem
1452 1743 1623 1813 atque
1636 1735 1883 1812 pruden-

189 1815 349 1886 tiam,
381 1833 621 1892 quarum
659 1821 746 1872 est
779 1815 1070 1872 cotidiana
1110 1816 1455 1873 conveniens
1498 1823 1881 1893 constansque

189 1895 502 1966 conversiO,
521 1913 627 1952 nec
649 1894 863 1953 habent
885 1894 1171 1953 aetherios
1191 1914 1388 1953 cursus
1410 1914 1595 1972 neque
1616 1895 1774 1953 caelo
1796 1897 1879 1953 in-

191 1973 504 2043 haerenteS‚
524 1983 591 2033 ut
612 1974 867 2052 plerique
890 1975 1092 2049 dicunt
1114 1974 1385 2051 physicae
1413 1975 1653 2033 rationis
1674 1975 1875 2051 ignari.

191 2054 326 2111 Non
347 2062 436 2111 est
456 2055 610 2112 enim
633 2054 878 2112 aetheris
901 2074 968 2113 ea
987 2063 1207 2127 natura,
1227 2062 1293 2112 ut
1314 2055 1371 2112 vi
1395 2074 1495 2113 sua
1516 2055 1705 2113 stellas
1726 2075 1881 2113 com-

190 2134 358 2209 plexa
373 2141 764 2211 contorqueat.
829 2134 978 2191 Nam
995 2136 1185 2193 tenuis
1207 2155 1272 2194 ac
1289 2136 1585 2213 perlucens
1602 2142 1661 2192 et
1677 2154 1881 2213 aequa-

190 2212 293 2269 bili
322 2212 507 2270 ealore
541 2214 791 2270 suffusus
823 2214 1022 2271 aether
1054 2234 1169 2271 non
1208 2216 1345 2273 satis
1379 2224 1549 2291 aptus
1580 2216 1655 2273 ad
1686 2214 1881 2273 stellas

189 2292 567 2349 continendas
588 2292 827 2351 videtur.
898 2300 1000 2351 55.
1025 2294 1265 2351 Habent
1292 2296 1471 2371 igitur
1492 2314 1651 2352 suam
1680 2294 1881 2372 sphae—

187 2390 312 2429 ram
341 2370 536 2429 stellae
556 2372 871 2429 inerrantes
892 2372 966 2429 ab
985 2374 1240 2431 aetheria
1268 2376 1675 2433 coniunctione
1703 2394 1881 2433 secre-

191 2461 310 2509 tam
352 2458 412 2509 et
443 2450 696 2509 liberam.
779 2452 992 2509 Earum
1035 2461 1227 2511 autem
1258 2474 1537 2531 perennes
1568 2474 1764 2513 cursus
1796 2462 1881 2512 at—

191 2550 302 2608 que
336 2531 599 2608 perpetui
633 2551 765 2589 cum
799 2532 1121 2591 admirabili
1150 2534 1585 2612 incredibilique
1618 2541 1881 2592 constan-

189 2612 272 2668 tia
304 2610 595 2669 declarant
622 2611 681 2669 in
717 2612 807 2669 his
834 2614 951 2670 vim
985 2621 1044 2671 et
1061 2621 1328 2686 ,mentem
1362 2634 1483 2672 esse
1516 2614 1788 2685 divinam,
1810 2621 1881 2671 ut

189 2690 330 2749 haec
363 2691 489 2769 ipsa
523 2692 621 2769 qui
654 2712 770 2749 non
806 2694 1016 2751 sentiat
1043 2694 1284 2751 deorum
1312 2694 1429 2751 vim
1464 2694 1689 2765 habere,
1713 2694 1762 2751 is
1795 2694 1880 2751 ni-

190 2770 273 2827 hil
302 2772 540 2829 omnino
569 2790 834 2828 sensurus
861 2792 983 2829 esse
1010 2774 1285 2830 videatur.
1375 2779 1466 2831 56.
1499 2772 1673 2830 Nulla
1698 2774 1879 2849 igitur

189 2850 249 2907 in
279 2849 437 2907 eaelo
459 2869 564 2906 nee
585 2850 820 2907 fortuna
846 2870 951 2907 nec
971 2853 1265 2908 temeritas
1292 2870 1396 2909 nee
1424 2853 1632 2908 erratio
1659 2872 1763 2909 nec
1786 2872 1880 2909 va-

190 2928 341 2985 nitas
369 2929 535 2996 inest‚
559 2935 872 3003 contraque
907 2929 1095 2984 omnis
1126 2930 1286 2999 ord0,
1308 2930 1531 3000 veritaS,
1554 2932 1720 3001 rati0,
1746 2951 1880 2989 con—

190 3008 414 3064 stantia.
485 3006 756 3082 Quaeque
777 3006 869 3061 his
891 3013 1111 3076 vacant,
1132 3008 1409 3064 ementita
1436 3015 1495 3065 et
1514 3009 1660 3065 falsa
1686 3010 1879 3085 plena-

191 3104 302 3163 que
337 3087 557 3155 erroriS,
589 3104 656 3141 ea
689 3086 901 3141 circum
936 3091 1114 3140 terras
1148 3085 1302 3141 infra
1334 3086 1545 3157 lunam,
1579 3106 1722 3162 quae
1757 3108 1879 3145 om-

189 3166 350 3223 nium
386 3165 592 3223 ultima
623 3170 726 3234 est,
757 3164 814 3219 in
851 3162 1129 3239 terrisque
1162 3171 1471 3222 versantur.
1556 3165 1877 3225 Caelestem
