2199 3546
570 155 706 204 Lm.
728 155 821 217 11.‚
845 154 1002 205 CAP.
1022 155 1410 216 x1v.-xv11.‚
1435 157 1465 219 ξ
1487 156 1667 205 33-38.
1871 161 1968 207 209

277 258 400 318 Ubi
446 258 628 335 igitur
674 256 804 313 illae
853 257 1044 314 minae
1094 256 1453 333 superiorum
1503 258 1811 315 extorum?
1870 267 1970 317 aut

277 358 422 417 quae
450 345 572 395 tam
601 336 794 394 subito
823 337 978 393 facta
1005 342 1094 393 est
1120 336 1356 393 deorum
1388 344 1549 394 tanta
1577 336 1861 415 placatio?

357 417 526 476 XVI.
573 416 688 474 Sed
721 416 914 474 adfers
947 416 1007 473 in
1041 417 1193 473 tauri
1227 417 1408 492 opimi
1442 417 1589 474 extis
1630 417 1969 476 immolante

275 498 518 557 Caesare
546 515 648 554 cor
674 515 791 553 non
821 495 1036 553 fuisse:
1078 496 1143 553 id
1170 496 1305 573 quia
1332 515 1449 553 non
1471 498 1727 574 potuerit
1753 498 1969 556 accide-

275 598 354 651 re,
381 585 446 636 ut
475 578 597 635 sine
624 576 797 634 corde
826 576 1060 633 victima
1079 575 1179 633 illa
1199 576 1427 647 viveret,
1453 576 1821 635 iudicandum
1847 597 1967 636 esse

275 666 406 718 tum
433 658 694 715 interisse
727 674 844 727 cor,
869 675 1002 713 cum
1030 654 1441 713 immolaretur.
1527 657 1621 714 37.
1666 656 1781 725 Qui
1808 657 1875 715 fit
1902 665 1968 715 ut

277 739 522 799 alterum
550 736 865 813 intellegas,
890 736 1012 793 sine
1040 735 1215 793 corde
1236 755 1353 792 non
1381 736 1637 813 potuisse
1657 736 1866 795 bovem
1890 738 1968 795 vi-

277 837 425 891 vere,
449 818 691 875 alterum
719 835 839 873 non
869 816 1078 887 videm,
1104 835 1203 873 cor
1222 815 1414 873 subito
1442 834 1560 873 non
1589 817 1845 893 potuisse
1873 836 1969 874 ne·

279 900 398 955 scio
441 916 557 975 quo
607 896 868 955 avolare?
949 896 1077 973 Ego
1128 896 1281 953 enim
1328 915 1565 973 possum
1615 896 1702 954 vel
1750 897 1967 955 nescire

279 997 424 1055 quae
455 978 542 1034 vis
567 978 644 1034 sit
671 976 860 1034 cordis
887 976 961 1033 ad
990 976 1299 1033 vivendum
1327 976 1417 1033 vel
1445 976 1721 1053 suspicari
1744 983 1967 1035 contac-

278 1064 405 1116 tum
441 1057 632 1134 aliquo
664 1054 872 1113 morbo
899 1055 1065 1114 bovis
1097 1056 1243 1113 exile
1277 1063 1336 1113 et
1362 1056 1635 1133 exiguum
1663 1063 1722 1115 et
1749 1057 1965 1115 vietum

281 1158 381 1197 cor
413 1144 474 1195 et
505 1135 790 1194 dissimile.
816 1136 1006 1193 cordis
1037 1136 1231 1195 fuisse.
1315 1135 1404 1194 Tu
1439 1155 1573 1194 vero
1618 1137 1757 1214 quid
1791 1136 1967 1195 habes

280 1237 394 1295 qua
419 1236 480 1275 re
506 1224 692 1293 putee,
717 1216 766 1273 si
787 1216 961 1292 paulo
987 1222 1122 1273 ante
1150 1235 1249 1274 cor
1274 1216 1531 1274 fueritin
1553 1223 1718 1274 tauro
1748 1218 1963 1294 opim0‚

280 1297 474 1355 subito
507 1296 570 1353 id
603 1296 663 1353 in
696 1296 824 1373 ipsa
855 1296 1252 1354 immolatione
1284 1297 1581 1354 interisse?
1662 1296 1776 1367 An,
1809 1297 1967 1374 quod

280 1377 505 1455 aspexit
550 1376 761 1434 vestitu
805 1395 1094 1454 purpureo
1145 1376 1445 1433 excordem
1497 1375 1813 1447 Caesarem,
1843 1378 1967 1454 ipse

281 1456 454 1515 corde
485 1457 742 1534 privatus
775 1457 898 1514 est?
979 1455 1203 1515 Urbem
1235 1455 1652 1533 philosophiae,
1677 1456 1820 1512 mihi
1854 1476 1968 1513 cre-

282 1537 371 1609 de,
394 1537 657 1614 proditiS,
681 1536 824 1594 dum
853 1536 1082 1593 castella
1104 1536 1432 1593 defenditis.
1518 1535 1685 1606 Nam,
1710 1534 1849 1592 dum
1872 1535 1968 1592 ha-

281 1617 629 1695 ruspicinam
674 1636 862 1673 veram
911 1635 1032 1674 esse
1076 1616 1267 1688 vultiS,
1306 1614 1729 1693 physiologiam
1781 1622 1964 1673 totam

281 1697 622 1776 pervertitis,
707 1696 900 1773 Caput
941 1703 1028 1754 est
1060 1696 1121 1753 in
1155 1696 1356 1767 iecore,
1394 1715 1492 1752 cor
1524 1696 1582 1752 in
1626 1696 1805 1753 extis:
1850 1695 1966 1753 iam

282 1778 566 1850 abscedet,
591 1778 762 1836 simul
789 1797 854 1835 ac
883 1777 1094 1834 molam
1124 1784 1184 1834 et
1210 1778 1408 1834 vinum
1432 1777 1795 1853 insperseris:
1826 1777 1969 1834 deus

284 1859 347 1916 id
373 1859 595 1936 eripiet,
616 1859 702 1916 vis
731 1857 921 1935 aliqua
947 1857 1213 1914 conficiet
1240 1863 1341 1914 aut
1369 1856 1586 1914 exedet.
1671 1855 1730 1913 N
1732 1876 1807 1913 on
1830 1876 1965 1933 ergo

283 1939 545 2000 omnium
567 1938 834 1997 interitus
861 1944 1032 2014 atque
1055 1936 1251 1994 obitus
1270 1943 1473 1993 natura
1494 1935 1758 1993 conficiet
1780 1943 1838 1993 et
1859 1937 1967 1995 erit

283 2018 500 2096 aliquid
523 2019 681 2096 quod
697 2025 798 2077 aut
817 2037 888 2076 ex
910 2017 1090 2075 nihilo
1114 2017 1331 2073 oriatur
1349 2023 1450 2072 aut
1470 2015 1531 2072 in
1552 2015 1793 2073 nihilum
1819 2015 1968 2073 subi-

283 2106 345 2158 to
363 2099 603 2157 occidat.
667 2099 812 2169 Quis
829 2099 941 2156 hoc
959 2097 1231 2175 physicus
1249 2096 1395 2155 dixit
1415 2095 1719 2171 umquam?
1783 2095 1969 2153 Haru-

283 2179 467 2256 spices
501 2179 718 2238 dicunt.
795 2179 909 2236 His
935 2177 1115 2254 igitur
1144 2196 1315 2255 quam
1344 2174 1599 2252 physicis
1628 2175 1823 2252 potius
1855 2195 1969 2234 cre-

284 2258 537 2317 dendum
557 2260 879 2317 existimas?
945 2256 1143 2317 XVII.
1216 2263 1307 2314 38.
1340 2254 1528 2324 Quid?
1561 2274 1693 2314 cum
1711 2255 1969 2333 pluribus

284 2338 374 2396 dis
401 2339 748 2410 immolatur,
766 2340 866 2417 qui
893 2339 1129 2396 tandem
1159 2337 1351 2395 evenit
1371 2343 1438 2394 ut
1467 2337 1661 2394 litetur
1681 2335 1822 2409 aliis,
1843 2336 1969 2394 aliis

283 2439 400 2477 non
422 2420 652 2478 litetur?
725 2419 884 2488 Quae
905 2425 1099 2476 autem
1117 2417 1503 2476 inconstantia
1518 2416 1757 2475 deorum
1780 2423 1883 2488 est,
1903 2424 1970 2475 ut

283 2500 486 2577 primis
505 2501 800 2557 minentur
821 2499 982 2570 extiS‚
1007 2498 1153 2557 bene
1174 2498 1519 2576 promittant
1541 2496 1837 2554 secundis?
1869 2503 1970 2554 aut

281 2587 446 2638 tanta
471 2581 624 2638 inter
649 2598 748 2637 eos
775 2579 1071 2650 dissensiO,
1091 2598 1261 2655 saepe
1290 2578 1461 2636 etiam
1486 2577 1635 2634 inter
1656 2577 1965 2652 proximos,

283 2667 350 2717 ut
371 2659 663 2738 Apollinis
683 2666 813 2716 exta
835 2659 986 2716 bona
1013 2659 1145 2730 sint,
1164 2657 1387 2716 Dianae
1408 2677 1526 2714 non
1547 2656 1733 2714 bona?
1780 2691 1789 2698 ·
1813 2656 1971 2725 Quid

282 2747 371 2798 est
402 2748 524 2797 tam
557 2739 922 2817 perspicuum
958 2757 1149 2816 quam,
1174 2758 1305 2796 cum
1339 2737 1586 2796 fortuito
1620 2736 1842 2794 hostiae
1875 2735 1971 2793 ad-

283 2819 581 2890 ducantur,
602 2820 740 2878 talia
760 2819 967 2896 cuique
995 2825 1127 2876 exta
1148 2837 1283 2890 esse,
1307 2819 1489 2896 qualis
1518 2817 1723 2895 cuique
1753 2815 1971 2892 obtige-

283 2901 360 2960 rit
391 2901 618 2958 hostia?
691 2900 777 2957 At
805 2900 958 2957 enim
991 2898 1054 2957 id
1083 2899 1273 2976 ipsum
1307 2898 1483 2955 habet
1516 2897 1735 2974 aliquid
1768 2896 1965 2968 divini,

261 2999 430 3058 *quae
472 2981 680 3057 cuique
715 2979 907 3037 hostia
948 2978 1229 3056 obtingat,
1259 2985 1554 3054 tamquam
1598 2979 1659 3034 in
1701 2975 1965 3048 sortibuS‚

285 3079 430 3138 quae
459 3061 552 3118 cui
574 3061 830 3118 ducatur.
901 3059 1038 3116 Mox
1068 3058 1140 3115 de
1170 3057 1433 3115 sortibus
1512 3056 1873 3135 Quamquam
1902 3064 1967 3114 tu

285 3140 516 3218 quidem
553 3159 670 3197 non
705 3139 1024 3197 hostiarum
1058 3158 1252 3195 casum
1296 3137 1597 3194 confirmas
1630 3139 1871 3195 sortium
1900 3139 1969 3196 si-

283 3221 628 3287 militudine,
653 3219 755 3276 sed
786 3218 1040 3276 infirmas
1081 3224 1263 3274 sortes
1296 3216 1599 3274 collatione
1632 3218 1963 3279 hostiarum‘
