2199 3546
533 108 673 158 Lm.
701 107 798 170 11„
827 108 984 158 CAP.
1012 105 1415 171 Ian-LXIV..
1442 107 1472 169 ς
1502 111 1741 160 127-133.
1888 109 1988 158 243

295 228 376 266 se.
466 213 599 266 130.
649 207 1010 286 Chrysippus
1053 209 1287 286 quidem
1328 208 1745 266 divinationem
1785 207 1989 266 definit

297 288 392 345 his
419 287 624 358 verbis,
651 288 684 315 “
703 288 822 345 vim
851 295 1290 366 cognoscentem
1322 295 1382 347 et
1408 288 1699 346 videntem
1728 294 1787 346 et
1814 287 1990 365 expli-

297 374 529 425 cantem
571 368 734 444 signa
768 387 912 445 quae
954 388 988 425 a
1028 368 1119 425 dis
1151 368 1483 425 hominibus
1514 367 1987 445 portendantur,”

299 446 556 504 officium
599 453 792 504 autem
825 466 947 505 esse
981 448 1103 505 eius
1136 466 1503 524 praenoscere
1536 448 1599 505 di
1631 467 1767 525 erga
1804 447 1991 505 homi-

299 545 404 583 nes
431 533 625 584 mentc
655 546 768 605 qua
795 527 912 584 sint
940 527 1193 604 quidque
1222 527 1547 605 significent
1574 546 1744 604 quem
1774 527 1849 585 ad
1868 546 1992 585 mo-

301 605 559 682 dumque
591 625 658 663 ea
689 613 1066 683 procurentur
1099 613 1271 684 atque
1309 607 1626 684 expientur.
1710 606 1989 685 Idemque

303 685 660 742 somniorum
711 686 1128 744 coniectionem
1172 686 1375 744 definit
1417 686 1531 745 hoc
1576 686 1771 756 mode,
1814 686 1849 715 “
1868 705 1990 744 esse

303 765 426 820 vim
466 770 796 822 cernentem
835 771 894 822 et
926 765 1346 842 explanantem,
1378 785 1523 844 quae
1554 785 1592 823 a
1622 765 1713 824 dis
1743 765 1991 823 homini-

303 843 414 900 bus
455 844 850 921 significentur
878 845 942 902 in
975 845 1247 904 somniS.”
1331 845 1487 915 Quid
1520 847 1694 922 ergo?
1742 845 1818 904 ad
1850 845 1989 902 haec

305 924 584 981 mediocri
612 944 760 1001 opus
787 931 874 982 est
899 925 1207 1001 prudentia
1232 944 1307 983 an
1334 931 1394 983 et
1420 926 1654 1003 ingenio
1674 925 1989 1003 praestanti

305 1010 368 1060 et
407 1003 729 1061 eruditione
765 1005 1058 1080 perfecta?
1138 1005 1337 1063 Talem
1378 1012 1572 1063 autem
1613 1005 1990 1082 cognovimus

306 1083 613 1140 neminem.
705 1083 922 1142 LXIV.
1009 1089 1141 1142 131.
1187 1085 1341 1143 Vide
1381 1085 1559 1162 igitur
1597 1104 1688 1157 ne,
1724 1086 1899 1143 etiam
1940 1084 1989 1142 si

307 1163 721 1220 divinationem
771 1163 880 1221 tibi
929 1182 1050 1220 esse
1093 1182 1440 1237 concessero,
1473 1164 1630 1242 quod
1672 1183 1989 1243 numquam

307 1243 535 1314 faciam,
565 1243 854 1300 neminem
889 1249 1082 1300 tamen
1117 1243 1377 1301 divinum
1408 1244 1652 1323 reperire
1684 1245 1987 1321 possimus.

307 1321 505 1390 Qualis
538 1329 730 1379 autem
765 1322 877 1379 ista
907 1342 1070 1379 mens
1104 1331 1191 1380 est
1218 1323 1473 1395 deorum,
1499 1325 1549 1380 si
1575 1343 1760 1401 neque
1793 1343 1861 1381 ea
1890 1342 1993 1380 no-

307 1401 398 1458 bis
425 1401 751 1477 significant
780 1403 838 1458 in
867 1402 1101 1472 somniS‚
1128 1421 1273 1479 quae
1300 1401 1411 1478 ipsi
1438 1421 1541 1479 per
1567 1421 1675 1458 nos
1701 1402 1993 1478 intellega-

307 1501 454 1549 111118,
479 1501 664 1558 neque
691 1501 772 1552 ea,
798 1500 1043 1558 quorum
1071 1481 1410 1558 interpretes
1436 1479 1643 1540 habere
1668 1482 1991 1559 possimus?

309 1560 538 1618 Similes
579 1562 733 1618 enim
776 1569 910 1618 sunt
942 1561 1020 1632 di,
1051 1561 1102 1618 si
1134 1580 1203 1618 ea
1233 1560 1401 1618 nobis
1438 1560 1712 1632 obiciunt,
1744 1579 1991 1639 quorum

309 1659 495 1718 neque
523 1641 816 1716 scientiam
842 1660 1026 1718 neque
1055 1639 1476 1717 explanatorem
1498 1640 1827 1712 habeamuS,
1850 1648 1993 1698 tam-

311 1739 482 1798 quam
517 1721 564 1778 si
598 1720 785 1779 Poeni
817 1728 916 1778 aut
950 1721 1199 1799 Hispani
1233 1721 1293 1778 in
1328 1726 1528 1779 senatu
1568 1727 1767 1779 nostro
1800 1720 1993 1798 loque-

310 1808 506 1859 rentur
532 1802 655 1859 sine
684 1801 1006 1878 interprete.
1088 1806 1219 1859 132.
1257 1801 1381 1858 Iam
1402 1819 1536 1858 vero
1567 1820 1680 1877 quo
1702 1801 1993 1877 pertinent

261 1892 278 1909 ·
309 1881 687 1947 obscuritates
741 1888 799 1938 et
853 1882 1181 1957 aenigmata
1232 1880 1627 1937 somniorum?
1728 1878 1993 1957 Intellegi

309 1959 464 2019 enirn
493 1981 527 2017 a
555 1960 722 2018 nobis
750 1960 813 2017 di
839 1960 980 2017 velle
1009 1959 1297 2018 debebant
1324 1979 1406 2030 ea,
1432 1978 1575 2036 quae
1603 1966 1799 2017 nostra
1824 1979 1994 2017 causa

310 2060 416 2098 nos
451 2047 766 2098 monerent.
850 2040 1042 2109 Quid?
1083 2046 1263 2117 poeta
1294 2058 1483 2110 nem0,
1514 2058 1686 2097 nemo
1718 2039 1994 2117 physicus

311 2120 622 2177 obscurus?
704 2119 808 2176 Ille
842 2135 971 2175 vero
1007 2119 1181 2177 nimis
1207 2121 1381 2177 etiam
1412 2117 1685 2176 obscurus
1714 2119 1994 2197 Euphori-

311 2220 403 2257 on.
493 2206 624 2256 133.
660 2198 746 2256 At
787 2218 902 2257 non
944 2198 1251 2257 Homerus,
1335 2198 1485 2257 Uter
1531 2199 1709 2277 igitur
1755 2199 1994 2257 melior?

312 2279 497 2336 Valde
564 2278 892 2337 Heraclitus
954 2282 1244 2350 obscurus,
1300 2279 1539 2337 minime
1607 2280 1989 2339 Democritus.

312 2358 468 2417 Num
497 2359 677 2435 igitur
703 2358 1074 2416 conferendi?
1156 2358 1288 2417 Mea
1313 2379 1482 2417 causa
1500 2380 1594 2418 me
1616 2380 1815 2419 mones
1838 2359 1995 2437 quod

311 2458 428 2495 non
480 2438 846 2515 intellegam?
927 2438 1084 2507 Quid
1131 2459 1225 2497 me
1273 2439 1451 2515 igitur
1496 2442 1735 2498 mones?
1814 2440 1902 2498 Ut
1946 2440 1993 2495 si

312 2520 440 2595 quis
469 2519 724 2576 medicus
751 2527 986 2595 aegroto
1016 2520 1275 2595 imperet,
1300 2526 1365 2575 ut
1393 2527 1581 2575 sumat

375 2630 714 2690 Terrigenam,
734 2628 1096 2689 herbigradam,
1114 2628 1458 2691 domiportam,
1479 2630 1716 2689 sanguine
1738 2642 1929 2677 cassam

312 2732 507 2809 potius
557 2752 728 2810 quam
779 2731 1080 2790 hominum
1133 2753 1292 2791 more
1344 2732 1377 2759 “
1398 2731 1688 2815 cochleam
1706 2730 1740 2759 ”
1789 2731 1991 2790 dicere.

314 2810 462 2869 Nam
492 2812 852 2869 Pacuvianus
885 2811 1179 2889 Amphio:

508 2924 801 2985 Quadrupes
825 2924 1129 2985 tardigrada,
1148 2924 1373 2987 agrestis,
1392 2922 1608 2983 humiliS,
1629 2936 1817 2985 aspera,

509 2990 688 3051 Capite
710 2990 860 3049 brevi,
881 2989 1070 3038 cervice
1091 2990 1323 3050 anguina,
1338 2996 1541 3049 aspectu
1567 2989 1711 3049 truci,

509 3054 814 3115 Eviscerata,
833 3055 1067 3113 inanima,
1087 3070 1202 3102 cum
1226 3054 1429 3102 animali
1452 3068 1589 3113 son0,

313 3173 448 3212 cum
481 3154 720 3213 dixisset
746 3153 1058 3225 obscurius,
1081 3161 1210 3212 tum
1236 3152 1427 3211 Astici
1452 3151 1835 3227 respondent:
