2199 3546
247 185 348 234 170
764 179 866 230 DE
897 176 1403 230 DIVINATIONE.

243 281 363 342 Sed
403 281 588 340 tribus
629 281 822 339 modis
863 285 1060 339 censet
1102 281 1342 338 deorum
1380 277 1625 357 appulsu
1666 277 1938 337 homines

244 361 562 421 somniare:
599 381 716 420 uno
746 361 903 438 quod
924 360 1254 438 praevideat
1274 359 1501 418 animus
1524 360 1645 436 ipse
1666 377 1770 436 per
1791 377 1935 428 sese,

243 443 461 520 quippe
494 441 597 518 qui
623 441 862 498 deorum
891 441 1238 516 cognatione
1265 446 1543 510 teneatur,
1567 439 1745 496 altero
1776 438 1937 515 quod

242 522 448 599 plenus
468 528 569 578 aer
588 521 664 578 sit
684 521 1098 578 immortalium
1122 520 1462 591 animorum,
1479 521 1541 576 in
1564 519 1771 597 quibus
1790 527 1939 576 tam-

243 621 418 678 quam
436 601 742 678 insignitae
762 609 933 658 notae
955 601 1211 658 veritatis
1230 607 1561 676 appareant,
1580 599 1752 657 tertio
1776 597 1939 676 quod

241 681 355 758 ipsi
399 680 462 739 di
507 700 638 739 cum
673 679 1094 741 dormientibus
1136 680 1549 756 colloquantur.
1634 679 1837 755 quue,
1866 685 1939 736 ut

241 760 420 818 modo
453 760 593 831 dixi,
622 761 850 818 facilius
882 760 1074 818 evenit
1106 759 1607 837 appropinquante
1638 767 1843 830 morte,
1866 765 1939 816 ut

241 840 422 897 animi
443 840 640 898 futura
659 847 1024 916 augurentur.
1095 845 1189 897 65.
1226 839 1314 896 Ex
1338 859 1453 918 quo
1476 846 1536 897 et
1556 838 1698 906 illud
1720 846 1808 897 est
1828 838 1939 896 Ca-

239 919 374 992 lani,
389 919 462 978 de
490 939 607 997 quo
635 928 768 976 ante
795 920 934 989 dixi,
959 926 1018 977 et
1045 919 1344 977 Homerici
1372 918 1659 992 Hectoris,
1684 919 1785 996 qui
1812 938 1937 976 mo-

239 999 392 1058 riens
409 1000 792 1076 propinquam
812 998 1029 1056 Achilli
1045 1006 1291 1057 mortem
1309 998 1629 1057 denuntiat.
1696 997 1932 1057 XXXI.

239 1077 446 1156 Neque
478 1079 631 1137 enim
663 1078 806 1136 illud
832 1078 1068 1136 verbum
1097 1086 1313 1138 temere
1342 1080 1701 1138 consuetudo
1729 1097 1937 1157 appro-

239 1156 505 1230 bavisset,
529 1159 579 1216 si
607 1177 673 1217 ea
700 1178 788 1216 res
815 1158 973 1216 nulla
999 1167 1148 1217 esset
1174 1160 1447 1218 omnino:

325 1281 655 1342 Praesagibat
676 1281 872 1331 animus
894 1281 1078 1330 frustra
1101 1297 1183 1330 me
1203 1283 1292 1344 ire,
1314 1298 1433 1333 cnm
1456 1284 1645 1332 exirem
1670 1281 1839 1332 domo,

241 1389 276 1418 “
296 1389 494 1468 Sagire
513 1391 546 1417 ’'
582 1392 737 1449 enim
780 1392 990 1450 sentire
1030 1400 1197 1451 acute
1238 1400 1353 1450 est:
1396 1413 1466 1450 ex
1502 1412 1619 1470 quo
1654 1393 1689 1420 ‘⁴
1894 1393 1933 1421 ”

237 1489 397 1542 anus»,
423 1471 558 1548 quia
589 1471 772 1529 multa
803 1472 946 1530 scire
972 1472 1193 1544 volunt,
1216 1481 1278 1531 et
1306 1474 1340 1501 “
1359 1492 1589 1551 sagaces
1607 1471 1641 1500 ’'
1671 1473 1815 1531 dicti
1844 1493 1934 1532 ea-

237 1569 354 1608 nes.
439 1549 499 1608 Is
531 1551 725 1627 igitur,
762 1553 863 1628 qui
899 1560 1032 1610 ante
1074 1553 1226 1630 sagit
1259 1572 1433 1630 quam
1474 1553 1670 1612 oblata
1699 1573 1791 1612 res
1824 1562 1929 1626 est,

237 1629 450 1688 dieitur
475 1631 812 1708 praesagire,
832 1631 895 1689 id
922 1639 1024 1703 est,
1045 1632 1245 1691 futura
1271 1640 1403 1691 aute
1430 1634 1657 1692 sentire.

320 1715 413 1768 66.
457 1708 617 1768 Inest
649 1711 828 1787 igitur
860 1711 919 1769 in
953 1713 1163 1770 animis
1195 1714 1543 1792 praesagitio
1578 1713 1930 1772 extrinsecus

235 1789 448 1849 iniecta
473 1798 648 1868 atque
674 1791 895 1851 inclusa
919 1793 1215 1852 divinitus.
1299 1794 1386 1853 Ea
1412 1795 1461 1853 si
1490 1796 1699 1854 exarsit
1720 1796 1925 1867 acrius,

235 1870 399 1928 furor
439 1871 774 1949 appellatur,
809 1892 940 1930 cum
985 1892 1021 1930 a
1059 1892 1299 1951 corpore
1340 1875 1566 1933 animus
1606 1876 1929 1937 abstractus

235 1949 434 2009 divino
462 1952 734 2009 instinctu
766 1953 1102 2011 concitatur.

299 2068 371 2122 Η.
397 2072 498 2123 Sed
521 2072 639 2136 quid
661 2074 818 2123 oculis
841 2074 1010 2124 rabere
1032 2075 1140 2123 visa
1162 2090 1216 2125 es
1238 2075 1503 2141 derepente
1524 2076 1855 2128 ardentibus?

299 2138 401 2185 Ubi
424 2139 511 2187 illa
535 2148 621 2187 tua
642 2140 792 2201 paulo
811 2149 928 2189 ante
950 2141 1145 2202 sapiens
1166 2142 1422 2201 virginalis
1446 2143 1690 2191 modestia
1706 2145 1731 2192 Ρ

273 2218 284 2225 ·
303 2198 362 2251 0.
388 2203 567 2263 Mater,
591 2205 890 2265 optimarum
917 2206 1076 2255 inulto
1097 2207 1275 2255 mulier
1296 2208 1473 2257 melior
1496 2209 1777 2270 mulierum,

297 2266 458 2315 Missa
479 2283 588 2316 sum
614 2270 962 2329 superstitiosis
986 2272 1421 2321 liat-inlationibusx

299 2332 532 2394 Namque
555 2334 738 2395 Apollo
762 2335 877 2383 fatis
900 2337 1063 2385 fandis
1086 2338 1370 2387 dementem
1394 2338 1602 2387 invitam
1624 2340 1738 2389 ciet.

297 2396 535 2457 Virgines
557 2398 788 2463 aequales
811 2415 996 2462 vereor,
1018 2404 1171 2465 patris
1196 2404 1293 2452 mei
1318 2419 1483 2453 meum
1508 2406 1698 2454 factum
1716 2406 1887 2469 pudet,

298 2461 490 2525 Optimi
511 2462 619 2513 viri.
693 2464 816 2513 Mea
838 2476 1013 2527 mater,
1039 2468 1110 2516 tui
1138 2484 1217 2517 me
1240 2469 1457 2530 miseret,
1482 2472 1579 2519 mei
1603 2472 1753 2533 piget.

297 2528 553 2589 Optimam
569 2531 852 2591 progeniem
870 2532 1073 2581 Priamo
1092 2535 1323 2596 peperisti
1340 2544 1485 2584 extra
1504 2550 1607 2585 me:
1638 2536 1731 2584 hoc
1749 2536 1903 2599 dolet,

298 2592 419 2643 Men
441 2594 630 2655 obesse,
653 2595 764 2644 illos
787 2598 1036 2659 prodesse,
1060 2614 1143 2647 me
1165 2600 1378 2661 obstare,
1400 2600 1511 2649 illos
1534 2601 1753 2666 obsequi.

232 2692 286 2751 O
327 2701 541 2771 poema
580 2702 842 2753 tenerum
885 2704 944 2755 et
976 2707 1266 2757 moratum
1308 2708 1481 2779 atque
1521 2702 1724 2761 molle!
1809 2702 1925 2763 Sed

230 2772 343 2832 hoc
383 2774 575 2833 minus
614 2775 688 2832 ad
728 2795 866 2834 rem.
955 2779 1046 2835 67.
1107 2778 1275 2852 Illud,
1313 2781 1471 2858 quod
1518 2782 1798 2857 volumuS,
1833 2802 1926 2841 ex—

231 2862 622 2929 pressum‘est,
649 2862 712 2913 ut
744 2857 1037 2915 vaticinari
1065 2859 1231 2917 furor
1258 2880 1391 2917 vera
1418 2862 1612 2920 soleat.

297 2964 475 3025 Adest,
495 2966 637 3014 adest
659 2966 745 3013 fax
768 2966 1001 3015 obvoluta
1025 2970 1267 3029 sanguine
1291 2980 1440 3033 atque
1462 2971 1720 3022 incendio!

296 3028 486 3077 Multos
509 3045 666 3077 annos
690 3031 862 3078 latuit:
903 3033 1050 3092 cives,
1075 3034 1199 3081 ferte
1222 3049 1363 3095 opem
1389 3045 1439 3084 et
1462 3038 1768 3098 restinguite.

229 3135 391 3269 lDeus.
425 3138 678 3196 inclusus
711 3158 949 3214 corpore
983 3141 1238 3199 humano
1270 3144 1405 3217 iam,
1440 3165 1559 3204 nou
1600 3148 1925 3210 Cassandra

244 3215 488 3289 ‚oquitur

457 3414 752 3493 A
