2199 3546
217 171 315 220 224
741 169 841 218 DE
873 167 1377 218 DIVINATIONE.

197 271 455 328 sublata„
523 271 601 328 Et
624 270 856 348 quidem
880 269 972 326 ille
1002 269 1245 340 dicebat,
1267 269 1314 326 si
1339 268 1568 346 quando
1596 289 1716 326 rem
1740 289 1912 346 agere

216 351 403 420 vellet,
427 370 500 406 ne
533 350 909 426 impediretur
941 349 1226 425 auspiciiS,
1251 349 1453 406 lectica
1486 358 1688 425 operta
1719 350 1912 407 facere

217 429 326 487 iter
367 449 426 486 se
469 429 662 486 solere.
759 429 911 486 Huic
954 429 1139 487 simile
1181 436 1285 499 est,
1318 428 1474 505 quod
1516 447 1623 484 nos
1665 448 1912 506 augures

217 509 615 586 praecipimuS,
638 527 708 566 ne
735 509 869 585 iuge
899 509 1218 585 auspicium
1248 508 1534 579 obveniat,
1558 516 1621 565 ut
1650 510 1913 566 iumenta

215 589 454 646 iubeant
482 589 794 666 diiungere.
883 588 973 646 78.
1020 587 1176 656 Quid
1205 595 1291 646 est
1319 589 1474 646 aliud
1506 588 1655 645 nolle
1686 590 1910 646 moneri

215 689 252 725 a
284 668 419 726 Iove
460 669 572 726 nisi
613 668 834 726 efficere
875 675 941 726 ut
972 677 1071 726 aut
1106 687 1179 726 ne
1212 667 1334 726 fieri
1368 669 1552 745 possit
1585 669 1909 746 auspicium

215 756 331 818 aut,
357 749 405 806 si
433 748 549 819 fiat,
569 749 748 807 videri
767 749 787 806 2

297 828 617 887 XXXVII.
655 829 807 886 Nam
850 827 993 886 illud
1034 828 1348 886 admodum
1393 828 1715 899 ridiculum,
1750 829 1910 905 quod

215 927 392 985 negas
431 908 776 966 Deiotarum
823 908 1228 986 auspiciorum,
1261 928 1406 986 quae
1455 908 1565 966 sibi
1612 909 1687 966 ad
1736 909 1913 966 Pom-

215 989 408 1064 peium
444 987 830 1065 proficiscenti
862 989 1019 1045 facta
1051 989 1185 1058 sint,
1210 990 1521 1066 poenitere,
1548 989 1703 1066 quod
1732 988 1910 1046 fidem

215 1075 442 1125 secutus
470 1068 898 1146 amicitiamque
926 1069 1128 1147 populi
1153 1069 1402 1126 Romani
1428 1069 1665 1126 functus
1693 1069 1770 1125 sit
1792 1068 1915 1125 offi-

215 1147 339 1204 cio:
383 1147 766 1224 antiquiorem
789 1148 943 1206 enim
974 1148 1086 1206 sibi
1114 1149 1292 1206 fuisse
1320 1148 1547 1206 laudem
1578 1156 1636 1205 et
1663 1149 1907 1225 gloriam

216 1246 388 1303 quam
429 1246 670 1303 regnum
713 1233 772 1285 et
804 1229 1195 1304 possessiones
1236 1249 1381 1287 suas,
1466 1228 1654 1286 Credo
1688 1229 1751 1286 id
1787 1229 1913 1305 qui·

215 1307 365 1378 dem,
391 1306 491 1364 sed
522 1306 669 1364 nihil
704 1309 778 1366 ad
805 1309 1073 1386 auspicia.
1160 1308 1283 1367 Nec
1318 1309 1472 1366 enim
1508 1309 1561 1366 ci
1588 1309 1789 1365 cornix
1824 1328 1913 1365 ca-

215 1405 349 1443 nere
381 1387 576 1464 potuit
619 1395 772 1446 recte
817 1408 947 1446 eum
989 1389 1195 1460 facere,
1228 1389 1386 1466 quod
1419 1388 1620 1466 populi
1655 1388 1911 1445 Romani

216 1466 539 1525 libertatem
561 1467 870 1527 defendere
891 1477 1132 1545 pararet.
1201 1468 1332 1545 Ipse
1356 1469 1466 1526 hoc
1488 1468 1787 1539 sentiebat,
1807 1469 1915 1525 sic-

217 1548 302 1603 uti
339 1548 532 1606 sensit.
620 1548 712 1606 79.
749 1549 905 1606 Aves
939 1557 1175 1606 eventus
1211 1549 1539 1626 significant
1576 1555 1676 1606 aut
1713 1549 1913 1606 adver-

212 1647 310 1684 sos
338 1635 439 1685 aut
467 1628 778 1686 secundos:
822 1629 1051 1686 virtutis
1079 1628 1350 1705 auspiciis
1380 1629 1547 1686 video
1582 1648 1702 1686 esse
1736 1648 1911 1686 usum

215 1706 573 1781 Deiotarum,
599 1727 744 1787 quae
772 1716 928 1766 vetat
956 1716 1211 1786 spectare
1240 1709 1553 1781 fortunam,
1578 1709 1714 1766 dum
1749 1728 1913 1786 prae-

217 1795 400 1846 stetur
432 1788 588 1846 fides.
673 1788 829 1847 Aves
857 1808 1008 1860 ver0,
1034 1790 1081 1845 si
1112 1808 1415 1867 prosperos
1448 1797 1684 1847 eventus
1719 1796 1913 1847 osten·

217 1868 441 1941 derunt,
466 1877 618 1927 certe
645 1869 991 1927 fefellerunt.
1065 1869 1239 1945 Fugit
1267 1889 1298 1926 e
1325 1869 1545 1946 proelio
1574 1888 1705 1927 cum
1736 1869 1915 1926 Pom-

216 1950 364 2024 peio,
450 1948 636 2007 Grave
675 1956 921 2026 tempus,
1012 1948 1294 2006 Discessit
1334 1949 1407 2005 ab
1450 1969 1534 2006 eo.
1620 1948 1916 2006 Luctuosa

217 2047 320 2085 res,
406 2028 706 2087 Caesarem
739 2030 940 2088 eodem
971 2035 1233 2106 tempore
1267 2028 1493 2087 hostem
1528 2036 1587 2086 et
1613 2028 1909 2105 hospitem

215 2108 378 2165 vidit.
464 2108 620 2177 Quid
656 2109 767 2167 hoc
808 2109 1067 2167 tristius?
1150 2108 1207 2165 Is
1247 2128 1377 2165 cum
1423 2110 1476 2166 ei
1518 2108 1909 2185 Trogmorum

215 2188 580 2245 tetrarchiam
629 2189 928 2266 eripuisset
971 2196 1031 2247 ct
1063 2188 1357 2247 adseculae
1400 2208 1503 2245 suo
1548 2188 1913 2264 Pergameno

215 2267 409 2323 nescio
450 2268 543 2324 cui
578 2267 829 2325 dedisset
861 2269 1164 2345 eidemque
1196 2269 1536 2326 detraxisset
1570 2268 1912 2325 Armeniam

215 2366 250 2402 a
279 2352 475 2403 senatu
507 2346 701 2403 datam
735 2366 980 2423 cumque
1008 2347 1081 2403 ab
1112 2367 1179 2405 eo
1208 2348 1778 2425 magnificentissimo
1809 2347 1915 2404 ho-

216 2426 391 2502 spitio
425 2432 692 2503 acceptus
725 2434 888 2497 esset,
913 2427 1223 2503 spoliatum
1258 2429 1491 2505 reliquit
1524 2437 1584 2486 et
1614 2428 1909 2504 hospitem

216 2512 276 2562 et
301 2523 511 2582 regem.
597 2505 712 2563 Sed
741 2506 900 2563 labor
926 2507 1186 2583 longius:
1230 2508 1305 2565 ad
1332 2508 1696 2585 propositum
1726 2526 1911 2564 rever-

214 2591 318 2642 tar.
404 2584 467 2642 Si
495 2593 698 2643 eventa
733 2587 1070 2663 quaerimuS,
1097 2607 1242 2664 quac
1278 2588 1653 2665 exquiruntur
1686 2586 1910 2658 avibuS,

214 2663 374 2721 nullo
408 2665 584 2722 modo
619 2684 890 2743 prospera
921 2666 1233 2725 Deiotaro:
1278 2668 1365 2725 sin
1402 2667 1604 2737 officia,
1630 2686 1664 2724 a
1691 2667 1911 2725 virtute

214 2743 412 2820 ipsiuS,
431 2763 549 2803 non
572 2744 645 2802 ab
667 2748 934 2823 auspiciis
956 2747 1138 2823 petita
1166 2754 1315 2804 sunt.
1384 2745 1739 2805 XXXVIII.
1808 2752 1908 2805 80.

214 2823 439 2882 Omitte
471 2825 652 2901 igitur
691 2826 898 2883 lituum
935 2825 1185 2897 Romuli,
1212 2846 1379 2904 quem
1420 2826 1481 2883 in
1523 2826 1778 2883 maximo
1822 2826 1911 2883 in-

214 2904 420 2961 cendio
467 2924 645 2981 negas
691 2906 946 2981 potuisse
994 2906 1293 2963 comburi:
1357 2913 1664 2963 contemne
1713 2914 1911 2963 cotem

212 2979 347 3038 Atti
385 2982 573 3040 Navii.
659 2983 816 3040 Nihil
857 2983 1028 3040 debet
1070 3003 1190 3041 esse
1240 2986 1298 3042 in
1342 2985 1712 3062 philosophia
1752 3004 1915 3042 com-

211 3060 501 3117 menticiis
532 3061 757 3119 fabellis
791 3061 915 3118 loci.
1002 3060 1154 3117 Illud
1195 3071 1315 3120 erat
1350 3063 1698 3140 philosophi,
1724 3065 1914 3122 totius

212 3138 438 3212 augurii
465 3140 713 3214 primum
746 3148 1002 3196 naturam
1037 3140 1217 3213 ipsam
1244 3143 1451 3211 videre,
1473 3143 1682 3199 deinde
1711 3144 1913 3199 inven-

211 3215 451 3284 tionem,
471 3218 679 3275 deinde
707 3217 1103 3274 constantiam.
1189 3218 1348 3287 Quae
1377 3228 1464 3277 est
1492 3222 1671 3297 igitur
1698 3230 1913 3281 natura
