2199 3546
638 581 727 646 M.
771 580 1064 644 TULLII
1126 581 1595 646 CICERONIS

515 727 691 809 DE
767 725 1722 808 DIVINATIONE

794 897 1058 946 LIBER
1097 895 1427 946 PRIMUS.

809 1133 1419 1185 ARGUMENTUM.

335 1235 408 1285 M.
439 1235 614 1284 Cicero
647 1248 764 1282 cum
798 1240 898 1281 tres
931 1232 1083 1280 libros
1119 1231 1179 1280 de
1212 1241 1395 1281 natura
1429 1231 1623 1282 deorum
1655 1235 1957 1299 perfecisset,

270 1301 319 1349 in
353 1300 528 1363 quibus
561 1299 724 1348 omnis
757 1299 864 1347 eius
891 1298 985 1346 loci
1019 1299 1246 1360 quaestio
1280 1299 1578 1360 continetur,
1598 1300 1851 1362 ingressus
1884 1311 1961 1352 est

269 1381 400 1414 anno
423 1374 534 1428 post
557 1366 662 1414 urb.
689 1363 832 1412 cond.
859 1367 972 1424 710,
996 1378 1129 1411 anno
1152 1372 1271 1412 aute
1294 1363 1409 1412 Chr.
1431 1375 1533 1414 nat.
1558 1365 1641 1426 44,
1663 1367 1877 1416 scribere
1899 1368 1960 1416 de

269 1430 590 1490 divinatione,
613 1445 737 1493 quos
759 1429 912 1477 libros
934 1444 1036 1477 una
1062 1444 1179 1477 cum
1201 1429 1327 1477 libro
1350 1429 1409 1478 de
1421 1430 1561 1491 fato,
1576 1445 1725 1493 quem
1747 1431 1825 1481 his
1852 1443 1961 1482 erat

269 1497 606 1556 adiuncturu8‚
631 1495 772 1558 quasi
805 1494 1153 1558 supplementa
1184 1494 1315 1542 illius
1349 1496 1651 1557 quaestionis
1686 1497 1746 1544 de
1780 1507 1959 1546 natura

269 1562 463 1610 deorum
493 1576 603 1610 esse
635 1560 807 1610 voluit.
891 1560 1034 1608 Facit
1073 1567 1259 1620 autem,
1288 1575 1404 1608 cum
1436 1561 1487 1609 in
1521 1561 1641 1610 villa
1674 1561 1960 1612 Tusculana

269 1636 448 1688 essent,
469 1627 530 1687 Q.
555 1627 757 1675 fratrem
793 1640 965 1674 secum
997 1626 1072 1674 ita
1107 1625 1485 1690 colloquentem,
1507 1634 1564 1675 ut
1590 1635 1857 1690 postquam
1890 1629 1951 1690 Q.

270 1692 423 1740 frater
444 1707 592 1740 omne
619 1706 774 1752 genus
800 1691 1117 1738 divinationis
1141 1707 1169 1740 e
1191 1690 1453 1753 disciplina
1478 1691 1760 1741 Stoicorum
1790 1693 1958 1742 desen-

269 1757 437 1820 disset‚
458 1758 564 1821 ipse
590 1758 747 1806 altero
774 1756 901 1805 libro
928 1765 1103 1805 contra
1136 1756 1243 1819 ejus
1276 1757 1575 1806 sententiam
1605 1773 1735 1821 quae
1757 1758 1855 1808 sibi
1882 1760 1957 1809 di-

271 1823 430 1871 cenda
454 1824 736 1871 viderentur
768 1832 1053 1884 exponeret.
1128 1824 1189 1870 In
1224 1823 1387 1885 primo
1418 1823 1571 1883 igitur
1595 1823 1725 1871 libro
1757 1825 1951 1887 Cicero,

271 1888 600 1949 complurium
629 1887 918 1949 populorum
947 1896 998 1935 et
1019 1887 1427 1950 philosophorum
1454 1889 1765 1951 opinionibus
1793 1890 1857 1939 de
1882 1891 1956 1939 di-

273 1953 538 2001 vinationis
571 1953 776 2001 veritate
807 1962 859 2001 et
891 1952 1103 2001 decretis
1138 1954 1187 2001 in
1216 1953 1483 2015 prooemi0‚
1517 1968 1624 2016 cap.
1651 1956 1765 2015 1—4,
1789 1954 1818 2015 5
1838 1959 1949 2018 1-7,

271 2018 548 2081 explicatis,
569 2018 732 2079 ipsum
767 2018 1064 2079 colloquium
1103 2019 1323 2081 exponit.
1399 2019 1461 2079 Q.
1482 2019 1641 2085 'frater
1666 2021 1956 2085 antiquissi-

271 2098 406 2131 mam
431 2099 484 2132 se
505 2082 800 2131 sententiam
823 2083 959 2145 sequi
983 2084 1255 2145 profitetur,
1277 2084 1497 2133 omnium
1522 2085 1814 2147 populorum
1836 2104 1954 2145 gen-

271 2148 497 2211 tiumque
524 2164 764 2196 consensu
798 2149 1178 2209 comprobatam.
1253 2150 1376 2197 Esse
1408 2149 1541 2198 enim
1572 2151 1671 2199 duo
1698 2152 1952 2202 divinandi

268 2228 464 2274 genera,
489 2228 639 2261 unum
658 2213 992 2273 artificiosum,
1015 2215 1143 2276 quod
1164 2216 1341 2277 partim
1358 2224 1553 2263 constet
1566 2230 1629 2263 ex
1646 2217 1945 2279 coniectura,

267 2280 447 2341 partim
467 2292 532 2327 ex
554 2280 896 2327 observatione
918 2280 1167 2340 diuturna,
1189 2280 1401 2329 alterum
1427 2281 1667 2341 naturale,
1686 2284 1823 2345 quod
1844 2286 1952 2333 aui-

265 2360 378 2392 mus
401 2344 615 2407 adripiat
637 2353 724 2393 aut
745 2344 960 2405 excipiat
983 2346 1291 2394 extrinsecus
1314 2361 1379 2395 ex
1398 2346 1673 2407 divinitate,
1696 2349 1828 2397 unde
1845 2366 1951 2397 om-

264 2425 351 2459 nes
371 2410 572 2458 haustos
589 2410 781 2459 animos
800 2410 1072 2474 libatosque
1089 2412 1376 2460 habeamus,
1432 2412 1634 2460 Nullam
1654 2424 1822 2461 autem
1843 2430 1949 2463 esse

263 2476 516 2523 civitatem
543 2484 628 2524 aut
655 2486 854 2535 gentem
883 2491 1010 2537 quae
1043 2490 1141 2525 non
1172 2477 1555 2536 astrologorum,
1577 2478 1801 2539 sortium,
1819 2495 1950 2527 som-

262 2540 455 2589 niorum
475 2540 808 2603 praedictione
827 2542 1010 2589 moveri
1035 2542 1207 2591 soleat.
1266 2544 1437 2605 Atque
1455 2543 1504 2589 in
1524 2542 1602 2590 his
1624 2544 1828 2591 omnino
1845 2560 1949 2592 ma-

260 2606 336 2666 gis
363 2617 541 2655 eventa
566 2622 730 2655 rerum
757 2608 968 2669 spectari
995 2622 1147 2669 quum
1176 2622 1351 2655 causas
1372 2608 1543 2670 quaeri
1571 2617 1797 2670 oportere
1819 2610 1949 2657 arbi-

263 2680 434 2721 tratur.
518 2672 682 2721 Multa
713 2674 849 2721 enim
882 2673 931 2720 in
967 2688 1132 2721 rerum
1167 2682 1347 2721 natura
1378 2672 1619 2733 accidere,
1640 2688 1769 2735 quae
1800 2689 1949 2723 nemo

261 2736 455 2787 dubitet
481 2738 600 2800 quin
625 2753 740 2787 vera
762 2740 875 2799 sint,
899 2738 1048 2787 etiam
1074 2739 1116 2786 si
1139 2754 1229 2786 cur
1250 2740 1323 2787 ita
1344 2739 1575 2787 eveniant
1598 2739 1807 2799 ignoret,
1830 2755 1938 2801 cap.

261 2802 459 2865 5—13‚§
484 2806 629 2853 8-23.
715 2805 891 2866 Neque
925 2818 1041 2851 vero
1077 2814 1337 2867 propterea
1373 2804 1643 2852 tollendam
1680 2819 1787 2853 esse
1823 2804 1945 2853 diri-

259 2868 530 2931 nationem,
547 2882 678 2933 quoa
693 2870 940 2933 quaedam
958 2869 1082 2917 falsa
1101 2870 1215 2928 sint,
1230 2868 1472 2931 quaedam
1494 2883 1591 2916 non
1612 2869 1699 2929 ita,
1714 2869 1786 2916 uti
1804 2883 1947 2929 prae-

260 2934 395 2982 (licta
437 2936 552 2993 sint,
577 2937 822 2985 eveniant.
919 2934 1107 2983 Multas
1146 2935 1281 2983 enim
1317 2934 1677 2997 praedictiones
1712 2942 1946 2981 eventum

259 2999 508 3060 babuisse,
536 3002 671 3063 quod
704 3014 888 3061 negare
927 3014 1076 3048 nemo
1114 3000 1285 3061 possit,
1312 3000 1407 3046 nisi
1444 3012 1645 3045 omnem
1682 2996 1946 3044 annalibus

258 3064 410 3125 fidem
449 3066 695 3126 detrahat,
719 3081 824 3128 cap.
853 3066 1028 3125 lat-17,
1054 3064 1082 3123 ἓ
1108 3066 1288 3113 24-33.
1374 3064 1555 3123 Itaque
1588 3076 1642 3108 se
1674 3061 1737 3135 iis
1770 3060 1947 3107 adsen-

259 3129 359 3189 tiri,
387 3132 473 3193 qui
509 3130 608 3179 duo
639 3129 956 3179 divinationis
995 3144 1178 3189 genera
1216 3143 1323 3176 esse
1357 3126 1609 3184 dixerunt,
1636 3133 1757 3171 artis
1794 3139 1945 3199 unum

258 3195 520 3258 particepS,
540 3211 716 3258 expers
750 3196 974 3243 alterum.
1057 3194 1240 3242 Carere
1276 3200 1443 3238 autem
1475 3197 1581 3235 arte
1614 3203 1713 3245 coe,
1734 3203 1818 3249 qm
1845 3203 1945 3234 non

258 3260 454 3309 ratione
486 3270 572 3309 aut
601 3262 898 3314 coniectura,
919 3259 1191 3305 observatis
1225 3270 1284 3304 ac
1321 3253 1504 3301 notatis
1529 3253 1697 3312 signis,
1718 3253 1802 3300 sed
1830 3268 1947 3298 con-
