2199 3546
626 174 922 239 LIB.111.,
949 174 1110 225 CAP.
1138 175 1423 239 vnn-X„
1452 174 1482 237 5
1512 178 1690 227 19-25.
1766 166 1789 181 ⁸
1910 180 2007 228 115

317 276 564 338 disertus
597 284 658 337 et
685 278 919 356 quidem
947 278 1406 351 mathematicae,
1430 279 1699 351 musicus,
1725 280 1885 337 omni
1914 281 2010 340 de-

315 360 490 438 nique
533 359 798 418 doctrina
837 359 1113 432 erudituS‚
1144 366 1439 435 postremo
1476 359 1858 439 philosophus
1900 362 2009 420 erit

315 440 582 498 mundus.
669 438 853 517 Saepe
887 438 1035 496 dixti
1063 438 1211 495 nihil
1238 438 1361 497 fieri
1390 440 1513 497 sine
1546 440 1657 499 deo
1690 459 1797 498 nec
1830 440 2009 498 ullam

314 521 433 577 vim
475 540 596 578 esse
637 526 891 589 naturae,
921 526 990 577 ut
1023 520 1112 577 sui
1147 518 1448 576 dissimilia
1479 527 1676 596 posset
1716 519 2002 599 effingere.

313 600 645 659 Concedam
678 619 796 658 non
829 599 1008 657 modo
1051 598 1402 657 animantem
1438 607 1498 657 et
1530 600 1848 677 sapientem
1884 620 2006 659 esse

310 679 614 753 mundum,
650 680 751 738 sed
783 678 1076 738 fidicinem
1120 679 1295 737 etiam
1336 686 1397 737 et
1437 679 1772 752 tubicinem‚
1806 681 2007 758 quoni-

311 779 407 817 am
441 778 634 817 earum
671 778 898 837 quoque
940 758 1153 816 artium
1186 758 1453 817 homines
1494 779 1564 818 ex
1606 779 1676 825 eo
1709 779 2007 837 procrean-

311 840 444 897 tur?
525 839 690 897 Nihil
722 840 900 917 igitur
937 838 1130 897 adfert
1160 846 1326 917 pater
1357 840 1496 898 ister
1528 840 1857 898 Stoicorum
1892 860 2005 919 qua

313 938 375 977 re
405 918 690 976 mundum
722 920 944 977 ratione
977 919 1063 977 uti
1091 926 1380 997 putemus,
1410 938 1484 978 ne
1518 939 1619 977 cur
1650 921 2003 979 animantem

316 998 550 1075 quidem
592 1018 729 1057 esse.
814 998 948 1063 Non
989 1006 1078 1057 est
1117 999 1297 1077 igitur
1334 999 1589 1057 mundus
1628 1000 1786 1072 deus,
1823 1008 1883 1059 et
1921 1008 2003 1059 ta·

313 1096 449 1135 men
483 1077 626 1135 nihil
661 1084 750 1136 est
780 1098 850 1137 eo
883 1078 1120 1137 melius:
1164 1078 1309 1137 nihil
1344 1087 1433 1139 est
1464 1080 1618 1137 enim
1652 1099 1721 1138 eo
1754 1080 2003 1158 pulchri-

311 1176 395 1229 us,
421 1157 565 1216 nihil
594 1158 895 1216 salutarius
927 1158 1114 1231 nobis,
1145 1159 1292 1217 nihil
1326 1160 1585 1218 ornatius
1616 1168 1854 1237 aspectu
1880 1180 2003 1219 mo-

308 1245 488 1317 tuque
521 1239 894 1297 constantius
980 1238 1154 1308 Quod
1182 1240 1230 1297 si
1267 1241 1520 1298 mundus
1552 1240 1849 1299 universus
1880 1260 1999 1299 non

309 1326 397 1378 est
444 1319 602 1391 dena,
637 1338 711 1377 ne
753 1318 948 1377 stellae
992 1320 1246 1398 quidem,
1284 1340 1425 1397 quas
1457 1326 1523 1378 tu
1556 1320 1999 1379 innumerabiles

307 1398 369 1457 in
403 1399 643 1457 deorum
676 1418 917 1457 numero
951 1399 1284 1477 reponebas,
1316 1419 1555 1478 quarum
1588 1407 1649 1459 te
1682 1420 1879 1459 cursus
1910 1421 2000 1459 ae-

309 1478 568 1557 quabiles
599 1478 930 1557 aeternique
965 1478 1343 1552 delectabant,
1367 1500 1473 1538 nec
1500 1480 1824 1539 mehercule
1853 1481 1999 1539 iniu-

307 1560 425 1617 ria:
471 1566 606 1617 sunt
639 1560 794 1618 enim
828 1558 1153 1618 admirabili
1180 1559 1617 1638 incredibilique
1654 1562 1991 1620 constantia.

307 1644 401 1698 24.
447 1639 563 1698 Sed
585 1659 702 1697 non
733 1640 945 1711 omnia,
965 1638 1164 1712 Balbe,
1189 1659 1335 1718 quae
1362 1660 1561 1699 cursus
1580 1647 1766 1699 certos
1786 1649 1847 1699 et
1865 1660 1997 1699 con-

305 1726 522 1780 stantes
555 1717 790 1794 habent‚
825 1738 894 1779 ea
933 1720 1044 1779 deo
1077 1720 1275 1798 potius
1307 1720 1614 1780 tribuenda
1654 1727 1789 1779 sunt
1822 1740 1994 1799 quam

303 1809 556 1860 naturae.
641 1802 718 1859 X.
764 1801 921 1870 Quid
949 1799 1284 1859 Chalcidico
1306 1801 1526 1879 Euripo
1548 1802 1609 1858 in
1630 1809 1793 1860 motu
1817 1802 1995 1860 idem-

304 1882 489 1939 tidem
537 1880 947 1958 reciprocando
996 1887 1167 1957 putas
1214 1879 1339 1938 fieri
1386 1900 1555 1958 posse
1602 1883 1995 1942 constantius?

306 1961 448 2038 quid
481 1960 636 2018 freto
670 1959 972 2030 Siciliensi,
1005 1959 1147 2036 quid
1180 1958 1396 2017 Oceani
1423 1960 1649 2018 fervore
1680 1959 1794 2018 illis
1824 1961 1885 2018 in
1915 1961 1996 2020 lo-

305 2041 406 2112 cis,
517 2080 771 2142 Europam
794 2079 1107 2144 Libyamque
1130 2093 1287 2142 rapax
1312 2079 1395 2127 ubi
1417 2079 1593 2128 dividit
1614 2079 1784 2129 unda?

305 2190 500 2261 Quid?
539 2197 731 2249 aestus
771 2191 1050 2248 maritimi
1083 2189 1173 2250 vel
1202 2189 1617 2269 Hispanienses
1649 2191 1738 2250 vel
1766 2191 1995 2252 Britan-

303 2271 419 2330 nici
447 2291 762 2349 eorumque
794 2270 963 2330 certis
995 2271 1357 2348 temporibus
1389 2271 1479 2330 vel
1508 2291 1765 2332 accessus
1791 2274 1880 2332 vel
1909 2295 1993 2333 re-

302 2372 491 2411 cessus
524 2352 646 2410 sine
680 2352 791 2411 deo
823 2351 947 2410 fieri
975 2371 1171 2409 nonne
1202 2353 1483 2429 possunt?
1564 2352 1735 2426 Vide,
1760 2374 1987 2432 quaes0,

303 2433 352 2490 si
393 2451 594 2491 omnes
634 2440 830 2490 motus
870 2432 1196 2509 omniaque,
1234 2451 1381 2509 quae
1421 2434 1593 2492 certis
1632 2435 1991 2512 temporibus

303 2512 565 2571 ordinem
593 2531 761 2570 suum
796 2519 1155 2584 conservant,
1185 2512 1382 2571 divina
1407 2513 1670 2586 dicimuS,
1701 2533 1773 2572 ne
1800 2516 1992 2573 tertia-

302 2612 404 2650 nas
437 2593 578 2651 item
612 2591 804 2651 febres
836 2599 896 2650 et
929 2599 1237 2670 quartanas
1270 2592 1495 2664 divinas
1526 2613 1648 2652 esse
1681 2593 1986 2654 dicendum

301 2673 393 2744 sit,
420 2692 661 2750 quarum
688 2673 1011 2731 reversione
1039 2680 1101 2730 et
1126 2679 1293 2730 motu
1322 2673 1463 2750 quid
1488 2680 1683 2751 potest
1710 2687 1832 2732 'esse
1858 2694 1991 2732 con-

301 2753 585 2811 stantius?
664 2753 780 2812 Sed
814 2753 1077 2810 omnium
1111 2751 1315 2809 talium
1349 2771 1538 2810 rerum
1571 2754 1719 2813 ratio
1750 2754 1991 2812 redden-

300 2832 376 2890 da
401 2839 503 2892 est.
582 2838 676 2890 25.
712 2831 886 2901 Quod
914 2851 1016 2890 vos
1043 2851 1177 2890 cum
1205 2831 1393 2890 facere
1420 2851 1538 2890 non
1567 2833 1827 2910 potestis,
1847 2841 1991 2892 tam·

301 2931 475 2990 quam
503 2912 566 2969 in
594 2931 748 2970 aram
779 2911 1101 2989 confugitis
1126 2911 1203 2969 ad
1229 2911 1419 2970 deum.

381 2992 458 3050 Et
491 2990 854 3070 Chrysippus
885 2991 996 3049 tibi
1029 2997 1197 3049 acute
1234 2991 1423 3049 dicere
1463 2991 1779 3063 videbatur,
1809 2991 1988 3050 homo

300 3072 422 3130 sine
455 3071 635 3130 dubio
669 3078 930 3129 versutus
964 3078 1023 3129 et
1055 3070 1635 3130 callidus—versutos
1666 3091 1766 3129 eos
1798 3072 1989 3149 appel-

300 3152 374 3222 le,
407 3171 652 3229 quorum
693 3151 953 3208 celeriter
983 3170 1149 3208 mens
1190 3157 1462 3221 versatur,
1498 3149 1734 3210 callidos
1774 3160 1985 3224 autem,

301 3251 546 3305 quorum
575 3238 872 3307 tamquam
900 3249 1107 3287 manus
1140 3249 1331 3307 opere,
1354 3230 1437 3288 sic
1464 3229 1690 3288 animus
1716 3251 1823 3289 usu
1857 3251 1987 3290 con«
