2199 3546
589 127 726 178 ΜΒ.
755 127 879 188 111„
903 125 1059 176 CAP.
1089 121 1763 186 xxr.-xx1V.,§54-61.
1926 125 2022 174 127

339 229 645 308 appellant,
671 228 830 306 quod
857 227 930 285 ab
957 246 1026 285 eo
1055 246 1117 286 se
1144 227 1300 304 leges
1326 226 1525 285 ferunt
1545 225 1845 303 accepisse.
1925 231 2019 285 58.

337 310 558 369 Dianae
604 311 748 366 item
797 308 1020 386 plures:
1079 307 1268 384 prima
1317 305 1472 364 Iovis
1520 312 1580 363 et
1625 305 2021 384 Proserpinae,

337 410 482 468 quae
509 395 828 468 pennatum
857 387 1207 464 Cupidinem
1230 387 1494 464 genuisse
1522 386 1747 457 dicitur,
1774 386 2024 443 secunda

336 471 545 541 notior,
571 488 743 552 quam
766 467 904 526 Iove
931 467 1104 525 tertio
1133 473 1193 524 et
1214 466 1437 524 Latona
1461 472 1655 524 natam
1678 466 2019 543 accepimUS,

335 551 535 608 tertiae
553 556 717 627 pater
732 548 886 626 Upis
905 547 1169 618 traditur,
1188 545 1403 604 Glauce
1422 553 1621 603 mater.
1690 545 1834 602 Eam
1852 544 2021 603 Grae-

335 631 388 687 ci
423 648 590 706 saepe
630 628 817 706 Upim
848 634 1090 706 paterno
1132 627 1369 684 nomine
1410 625 1717 704 appellant.
1801 624 2024 702 Diony-

335 729 430 767 sos
473 709 688 767 multos
732 707 1043 766 habemus:
1093 707 1349 783 primum
1393 704 1531 764 Iove
1575 712 1635 763 et
1678 703 2024 781 Proserpina

333 796 554 859 natum,
585 788 903 846 secundum
935 787 1092 858 Nilo,
1118 787 1219 864 qui
1245 785 1468 862 Nysam
1495 784 1710 842 dicitnr
1739 784 2025 842 condidis-

335 887 414 938 se,
433 869 670 926 tertium
691 866 904 925 Cabiro
923 874 1105 943 patre,
1121 885 1367 944 eumque
1387 883 1583 942 regem
1602 863 1779 922 Asiae
1799 863 2025 941 praefu-

335 948 448 1005 isse
480 947 699 1018 dicunt,
725 947 817 1004 cui
845 946 1082 1004 Sabazia
1115 954 1249 1004 sunt
1281 945 1561 1016 instituta,
1587 950 1854 1021 quartum
1886 942 2023 1002 Iove

335 1032 398 1085 et
424 1027 602 1098 Luna,
627 1027 720 1084 cui
748 1045 904 1084 sacra
927 1025 1185 1103 Orphica
1204 1031 1479 1102 putantur
1506 1023 1730 1095 confici,
1755 1024 2019 1101 quintum

334 1106 484 1164 Niso
509 1114 709 1164 natum
739 1113 798 1164 et
817 1105 1077 1182 Thyone,
1102 1125 1138 1162 a
1165 1124 1281 1182 quo
1301 1103 1647 1162 Trieterides
1675 1103 2022 1162 constitutae

332 1193 625 1264 putantur.
713 1191 807 1244 59.
851 1185 1054 1244 Venus
1083 1186 1275 1262 prima
1306 1183 1481 1242 Caelo
1515 1190 1574 1242 et
1605 1183 1720 1242 Die
1752 1189 1905 1255 nata,
1928 1203 2023 1241 cu·

332 1265 424 1323 ius
449 1265 615 1324 Elide
643 1265 947 1324 delubrum
979 1265 1248 1336 vidimuS,
1272 1264 1448 1322 altera
1474 1283 1680 1341 spuma
1706 1271 2019 1342 procreata,

334 1364 406 1403 ex
438 1365 554 1423 qua
579 1352 638 1404 et
665 1345 950 1403 Mercurio
983 1344 1334 1422 Cupidinem
1363 1344 1678 1402 secundum
1705 1351 1907 1402 natum
1934 1363 2024 1402 ac-

334 1425 610 1502 cepimus,
633 1425 804 1483 tert-ia
831 1424 970 1483 Iove
996 1432 1135 1482 nata
1161 1431 1221 1483 et
1245 1423 1457 1495 Diona,
1482 1443 1629 1501 quae
1656 1425 1855 1503 nupsit
1881 1423 2022 1482 Vol-

334 1524 497 1577 can0,
521 1505 622 1563 sed
649 1524 719 1563 ex
747 1523 814 1562 ea
841 1511 900 1562 et
920 1503 1107 1563 Marte
1132 1511 1302 1562 natus
1329 1504 1582 1562 Anteros
1609 1505 1835 1576 dicitur,
1860 1521 2023 1581 qum·-

333 1591 396 1642 ta
435 1584 604 1643 Suria
643 1584 953 1663 Cyproque
987 1591 1282 1662 concepta,
1312 1603 1461 1662 quae
1492 1584 1725 1643 Astarte
1765 1590 2017 1655 vocatur,

334 1683 508 1742 quam
535 1664 796 1722 Adonidi
822 1664 1085 1742 nupsisse
1114 1663 1410 1742 proditum
1438 1670 1542 1723 est.
1624 1663 1883 1722 Minerva
1898 1662 2023 1740 ¹pri-

331 1763 445 1817 ma,
471 1753 644 1823 quam
678 1744 969 1822 Apollinis
1003 1751 1247 1803 matrem
1280 1763 1453 1823 supra
1478 1743 1745 1815 diximuS,
1771 1742 2020 1802 secunda

335 1832 463 1883 orta
505 1825 659 1896 Nilo,
691 1844 863 1901 quam
905 1825 1189 1903 Aegyptii
1222 1824 1415 1883 Saitae
1456 1824 1670 1896 colunt,
1699 1824 1871 1882 tertia
1901 1824 2016 1896 illa,

337 1922 512 1981 quam
554 1904 693 1962 Iove
739 1911 1068 1981 generatam
1120 1924 1291 1980 supra
1333 1905 1602 1974 diximus,
1639 1910 1843 1980 quarta
1881 1903 2018 1962 Iove

335 1990 474 2041 nata
500 1989 559 2041 et
585 1982 873 2061 Coryphe,
894 1982 1113 2042 Oceani
1138 1983 1273 2055 filia,
1293 2003 1467 2061 quam
1499 1983 1755 2040 Arcades
1786 1981 2017 2041 Coriam

334 2063 641 2121 nominant
668 2071 727 2121 et
755 2062 1157 2140 quadrigarum
1185 2063 1561 2121 inventricem
1580 2064 1793 2134 ferunt,
1818 2063 2018 2140 quinta

333 2140 629 2214 Pallantis,
661 2162 806 2220 quae
837 2149 1059 2219 patrem
1093 2144 1307 2201 dicitur
1338 2142 1692 2201 interemisse
1729 2143 2018 2220 virginita-

329 2229 454 2281 tem
475 2241 636 2281 suam
664 2222 875 2281 violare
903 2230 1227 2294 conantem,
1251 2223 1345 2281 cui
1365 2242 1682 2300 pennarum
1704 2222 1903 2280 talaria
1922 2223 2017 2281 ad-

329 2300 535 2379 figunt.
621 2308 714 2360 60.
759 2302 990 2381 Cupido
1024 2304 1247 2380 primus
1278 2302 1562 2361 Mercurio
1594 2310 1654 2361 et
1684 2302 1875 2360 Diana
1906 2302 2019 2380 pri-

328 2400 427 2440 ma
465 2388 634 2440 natus
674 2382 904 2453 dicitur,
941 2382 1225 2441 secundus
1261 2382 1544 2441 Mercurio
1577 2390 1636 2440 et
1667 2382 1894 2441 Venere
1936 2401 2017 2441 se-

328 2461 534 2533 cunda,
556 2462 778 2533 tertius,
804 2462 905 2539 qui
932 2462 1088 2519 idem
1117 2469 1205 2521 est
1230 2462 1499 2533 Anteros,
1523 2461 1707 2520 Marte
1739 2470 1799 2521 et
1830 2461 2019 2520 Vene-

327 2559 392 2598 re
421 2541 610 2599 tertia.
695 2540 894 2619 Atque
923 2540 1066 2600 haec
1108 2542 1342 2619 quidem
1384 2547 1444 2600 et
1476 2541 1598 2600 eius
1628 2541 1792 2599 modi
1824 2560 1895 2599 ex
1927 2560 2019 2599 ve-

327 2627 450 2678 tere
477 2620 750 2679 Graeciae
769 2622 930 2678 fama
955 2620 1195 2680 collecta
1220 2627 1373 2691 sunt,
1394 2620 1602 2699 quibus
1622 2620 1908 2697 intellegis
1936 2639 2019 2677 re·

329 2699 650 2759 sistendum
691 2719 830 2771 esse,
860 2720 934 2757 ne
968 2700 1376 2778 perturbentur
1415 2700 1735 2778 religiones.
1819 2699 2017 2758 Vestri

328 2786 524 2837 autem
565 2798 683 2837 non
727 2779 908 2837 modo
942 2779 1080 2837 haec
1122 2798 1238 2837 non
1284 2779 1571 2850 refellunt,
1601 2798 1797 2837 verum
1842 2778 2016 2835 etiam

327 2857 674 2917 confirmant
691 2858 1125 2937 interpretando
1148 2878 1422 2936 quorsum
1444 2858 1697 2936 quidque
1714 2855 2013 2933 pertineat.

328 2937 446 2995 Sed
473 2957 543 2995 eo
571 2938 704 3009 iam,
729 2938 882 2996 unde
909 2938 1024 2996 huc
1050 2938 1302 3015 degressi
1332 2956 1546 3007 sumus,
1569 2942 1934 2993 revertamur.

411 3016 641 3076 XXIV.
703 3022 822 3075 .61.
867 3016 1029 3073 Num
1057 3036 1253 3075 censes
1278 3016 1460 3092 igitur
1480 3013 1777 3071 subtiliore
1797 3011 2019 3068 ratione

331 3114 480 3172 opus
507 3116 628 3153 esse
656 3096 730 3153 ad
760 3095 900 3153 haec
927 3096 1271 3153 refellenda?
1350 3092 1501 3149 Nam
1530 3096 1803 3158 mentem,
1824 3087 2019 3156 fidem,

329 3193 513 3250 spem,
531 3175 824 3246 virtutem,
846 3174 1146 3243 honorem,
1168 3171 1487 3239 victoriam,
1511 3168 1769 3235 salutem,
1792 3183 2021 3223 concor-
