2199 3546
518 139 660 191 mn.
685 139 784 203 Π..
804 138 964 191 CAP.
995 137 1465 203 κὶα-ΗΠΒ,
1486 137 1531 200 ς.
1546 141 1727 193 76—82.
1902 143 1977 192 za·

272 244 500 302 minum
517 235 725 319 genere
739 237 922 314 mens,
937 240 1098 314 fides,
1108 241 1305 314 virtuS,
1316 241 1639 312 concordia,
1654 240 1809 300 unde
1827 240 1981 299 haec'

273 325 334 382 in
357 331 568 382 terram
595 321 709 380 nisi
737 321 811 379 ab
839 321 1060 399 superis
1085 319 1337 392 defluere
1363 323 1713 399 potuerunt?
1794 321 1985 379 Cum·

276 423 388 482 que
417 403 536 482 sint
561 403 624 460 in
652 401 823 460 nobis
855 401 1177 472 consilium,
1201 401 1366 472 rati0‚
1390 402 1712 479 prudentia,
1737 420 1967 460 necesse

275 491 363 542 est
390 483 532 540 deos
558 481 698 540 haec
726 482 854 560 ipsa
884 480 1094 540 habere
1126 477 1347 538 maiora
1378 499 1483 538 nec
1516 481 1725 539 habere
1758 481 1965 552 solum,

275 563 374 621 sed
405 563 582 620 etiam
608 560 702 619 his
732 562 821 620 nti
848 562 910 619 in
942 561 1213 618 maximis
1246 568 1305 619 et
1333 561 1571 637 optimis
1598 561 1795 619 rebus.⁴
1870 567 1963 619 80.

275 642 440 701 Nihil
473 650 668 702 autem
701 648 792 700 cst
820 660 927 700 nec
963 641 1153 698 maius
1190 660 1297 698 nec
1338 641 1545 698 melius
1576 641 1830 698 mundo:
1873 660 1968 698 ne·

274 742 430 780 cesse
471 728 562 780 est
591 741 730 800 ergo
773 717 905 779 euin
947 719 1189 778 deorum
1231 721 1473 778 consilio
1514 728 1573 779 et
1605 720 1969 798 providentia

274 802 678 861 administrari.
765 802 1070 859 Postremo
1114 819 1245 859 cum
1290 801 1428 858 satis
1460 800 1827 858 docuerimus
1859 799 1968 856 hos

275 901 396 940 esse
430 882 588 953 deos,
613 881 1183 959 quorum-insignem
1208 881 1329 938 vim
1362 888 1423 939 et
1448 880 1727 938 illustrem
1756 879 1965 937 faciem

274 962 617 1033 videremus,
647 961 826 1019 solem
869 960 1002 1022 dico
1043 967 1105 1018 ct
1136 961 1349 1018 lunam·
1373 969 1433 1019 et-
1465 979 1637 1038 vagas
1682 959 1871 1017 stellas
1908 967 1967 1017 et

273 1042 590 1100 inerrantes
617 1048 678 1100 et
705 1042 924 1100 caelum
953 1049 1014 1099 et
1041 1041 1326 1098 mundum
1354 1041 1547 1117 ipsum
1573 1046 1635 1098 et
1660 1058 1855 1098 earum
1884 1059 1969 1096 re-

273 1138 404 1180 rum
434 1121 571 1194 vim,
597 1141 743 1199 quae
769 1121 1024 1179 inessent
1051 1121 1113 1178 in
1143 1121 1303 1178 omni
1332 1121 1553 1178 mundo
1584 1139 1717 1178 cum
1750 1138 1965 1195 magno

273 1221 384 1259 usu
418 1201 925 1260 et'commoditate
957 1201 1183 1278 generis
1215 1200 1472 1272 humani,
1497 1199 1741 1258 efficitur
1771 1199 1967 1257 omnia

274 1282 400 1360 regi
417 1281 614 1338 divina
631 1289 828 1340 mente
847 1288 1021 1359 atque
1041 1280 1365 1358 prudentia.
1436 1280 1529 1338 Ac
1544 1279 1619 1338 de
1639 1280 1827 1356 prima
1846 1279 1967 1357 qui-

275 1362 412 1420 dem
439 1370 604 1440 parte
623 1362 762 1420 satis
789 1361 1010 1419 dictum
1039 1367 1145 1418 est.

357 1441 621 1500 XXXII.
697 1447 790 1500 81.
822 1441 1095 1518 Sequitur
1122 1447 1191 1498 ut
1216 1440 1455 1498 doceam
1490 1439 1687 1497 omnia
1712 1438 1969 1497 subiecta

275 1541 400 1580 esse
426 1529 664 1580 naturae
691 1540 870 1599 eaque
897 1521 970 1578 ab
992 1539 1060 1578 ea
1080 1519 1463 1598 pulcherrime
1483 1519 1621 1596 geri.
1688 1518 1805 1577 Sed
1826 1518 1976 1596 quid-

277 1602 354 1659 sit
379 1601 508 1680 ipsa
533 1609 740 1660 natura
762 1600 1166 1680 explicandum
1196 1606 1284 1658 est
1302 1607 1437 1658 ante
1465 1598 1727 1670 breviter,
1748 1617 1865 1677 quo
1884 1599 1969 1655 fa·

2073 1429 2167 1493 θ
2178 1509 2180 1536 1

277 1681 444 1740 cilius
464 1681 542 1754 id,
558 1681 717 1760 quod
738 1681 942 1739 docere
960 1680 1243 1751 volumuS,
1258 1679 1516 1757 intellegi
1538 1679 1737 1756 possit.
1794 1677 1971 1736 Nam-
2075 1742 2083 1748 ,

277 1782 390 1841 que
419 1762 516 1821 alii
543 1768 809 1822 naturam
837 1767 1072 1820 censent
1099 1780 1221 1820 esse
1248 1760 1369 1818 vim
1408 1759 1697 1838 quandam
1732 1760 1853 1819 sine
1885 1780 1971 1818 ra-

275 1844 438 1901 tione
459 1843 706 1901 cientem
727 1850 926 1901 motus
941 1842 1002 1899 in
1019 1840 1359 1918 corporibus
1374 1839 1737 1910 necessarioe,
1756 1837 1855 1896 alii
1874 1857 1973 1895 au-

275 1931 398 1982 tem
427 1923 544 1981 vim
573 1923 912 2001 participem
948 1922 1189 1979 rationis
1220 1928 1395 1998 atque
1428 1918 1647 1977 ordinis
1673 1925 1969 1995 tamquam

277 2003 371 2061 via
391 2003 856 2081 progredientem
886 2001 1386 2078 declarantemque
1414 1999 1558 2077 quid
1583 1999 1858 2076 cuiusque
1886 1998 1969 2055 rei

278 2102 450 2141 causa
489 2082 714 2154 efficiat,
749 2081 894 2160 quid
933 2088 1221 2160 sequatur,
1256 2080 1421 2138 cuius
1461 2078 1772 2137 sollertiam
1814 2076 1974 2135 nulla

278 2182 386 2235 ars,
417 2163 576 2221 nulla
613 2180 836 2234 manus,
864 2180 1038 2220 nemo
1080 2161 1280 2239 opifex
1322 2159 1597 2237 consequi
1630 2158 1814 2236 possit
1846 2158 1974 2215 imi-

279 2243 495 2301 tando:
539 2242 776 2300 seminis
807 2242 962 2300 enim
995 2242 1115 2299 vim
1150 2260 1273 2299 esse
1303 2247 1545 2311 tantam,
1571 2247 1636 2297 ut
1667 2239 1745 2311 id,
1778 2258 1973 2315 quam-

281 2339 456 2401 quam
489 2323 566 2381 sit
598 2322 994 2400 perexiguum,
1014 2330 1228 2393 tamen,
1249 2321 1299 2378 si
1329 2320 1597 2378 inciderit
1628 2320 1689 2377 in
1724 2319 1975 2395 concipi-

279 2410 475 2461 entem
504 2401 1204 2480 comprehendentemque
1230 2407 1493 2459 naturam
1521 2408 1867 2477 nactumque
1898 2399 1974 2456 sit

279 2483 599 2553 materiam,
624 2501 740 2561 qua
770 2482 846 2541 ali
879 2482 1191 2559 augerique
1222 2481 1424 2558 possit,
1448 2480 1531 2537 ita
1557 2480 1739 2557 fingat
1772 2486 1831 2536 et
1859 2476 1974 2535 effi-

281 2564 397 2621 ciat
423 2563 486 2620 in
519 2581 625 2620 suo
661 2561 915 2640 quidque
941 2580 1167 2639 genere,
1190 2561 1403 2637 partim
1440 2567 1505 2618 ut
1531 2566 1760 2617 tantum
1794 2557 1972 2615 modo

280 2662 386 2721 per
417 2643 628 2721 stirpes
659 2642 888 2700 alantur
915 2662 1062 2713 suas,
1091 2640 1305 2719 partim
1346 2647 1413 2699 ut
1444 2640 1664 2697 moveri
1696 2638 1871 2697 etiam
1914 2644 1974 2695 ct

283 2723 496 2781 sentire
523 2730 582 2779 ct
609 2729 878 2800 appetere
906 2722 1133 2799 possint
1159 2728 1219 2779 et
1244 2741 1313 2779 ex
1348 2738 1470 2778 sese
1498 2718 1707 2777 similia
1735 2718 1824 2775 sui
1852 2716 1976 2793 gig-

282 2822 433 2861 nere.
521 2808 615 2861 82.
651 2801 802 2860 Sunt
845 2809 1039 2859 autem
1085 2801 1187 2878 qui
1224 2800 1420 2858 omnia
1463 2806 1699 2858 naturae
1739 2797 1975 2855 nomine

283 2882 593 2961 appellent,
617 2888 686 2939 ut
711 2882 1013 2959 EpicuruS,
1037 2882 1138 2959 qui
1165 2881 1249 2938 ita
1272 2878 1501 2950 dividit,
1524 2878 1805 2946 omnium,
1830 2894 1975 2952 quae

285 2964 420 3035 sint,
439 2970 704 3021 naturam
735 2980 858 3020 esse
885 2980 1129 3038 corpora
1152 2967 1214 3017 et
1239 2960 1409 3017 inane
1439 2975 1697 3033 quaeque
1716 2955 1809 3011 his
1836 2954 1977 3010 acci-

285 3042 444 3099 dant.
530 3041 650 3100 Sed
681 3060 790 3098 nos
822 3060 953 3099 cum
983 3040 1230 3097 dicimus
1270 3044 1475 3094 natura
1506 3041 1767 3092 constare
1800 3032 1978 3088 admi-

285 3122 632 3199 nistrarique
659 3120 960 3190 mundum,
979 3138 1098 3176 non
1120 3119 1203 3174 ita
1223 3116 1485 3184 dicimus,
1500 3119 1569 3169 ut
1589 3110 1850 3187 glaebam
1879 3114 1979 3166 aut

287 3202 684 3277 fragmentum
718 3199 930 3277 lapidis
969 3204 1070 3255 aut
1102 3194 1319 3271 aliquid
1348 3192 1473 3250 eius
1505 3188 1667 3247 modi
1701 3187 1859 3245 nulla
1888 3204 1979 3243 co-

2178 1639 2181 1696 Ι
