2199 3546
213 148 310 194 102
401 199 408 205 ,
469 187 476 192 .
655 147 754 196 DE
787 146 1086 196 Ninum
1124 145 1446 195 EORUM.

211 245 498 307 niensium
531 245 1230 322 Lacedaemoniorumque
1263 264 1433 303 causa
1460 245 1779 322 put-andum
1816 253 1905 304 est

211 327 474 384 conditas
501 345 639 397 esse,
663 326 987 402 omniaque,
1013 345 1159 402 quae
1188 326 1305 383 sint
1332 326 1391 382 in
1421 324 1512 382 his
1539 325 1791 396 urbibus,
1812 346 1907 384 eo-

210 426 338 464 rum
366 404 714 483 populorum
743 412 896 462 reete
930 424 1050 462 esse
1083 405 1371 475 dicuntur,
1396 404 1476 462 sie
1510 423 1903 482 quaecumque

212 493 346 544 sunt
372 487 434 543 in
463 485 625 542 omni
652 484 872 542 mundo
901 484 1143 542 deorum
1172 491 1344 560 atque
1371 484 1673 541 hominum
1698 493 1904 561 putan-

211 567 284 624 da
325 572 476 623 sunt.
566 570 697 621 155.
743 564 867 621 Iam
910 583 1044 621 vero
1088 565 1423 621 circumitus
1464 564 1600 620 solis
1642 572 1701 621 et
1736 565 1903 621 lunae

209 646 674 722 reliquorumque
709 643 978 714 siderum,
1005 662 1353 720 quamquam
1388 642 1560 701 etiam
1597 644 1670 701 ad
1698 645 1900 700 mundi

211 724 634 782 cohaerentiam
664 723 971 801 pertinent,
992 730 1188 781 tamen
1217 731 1277 781 et
1304 723 1687 800 spectaeulmn
1722 723 1903 779 homi-

209 804 380 862 nibus
408 803 718 881 praebent:
762 802 920 860 nulla
953 810 1040 861 est
1069 803 1223 860 enim
1253 802 1633 860 insatiabilior
1665 803 1898 880 species,

210 883 368 940 nulla
386 882 679 960 pulchrior
699 889 758 941 et
780 882 854 940 ad
869 882 1153 940 rationem
1176 881 1904 958 sollertiamquepraestan-

209 964 356 1020 tior:
402 982 599 1020 eorum
643 963 798 1020 enim
840 981 1039 1020 cursus
1071 962 1337 1019 dimetati
1370 961 1729 1019 maturitates
1758 970 1903 1018 tem-

209 1061 418 1119 pomm
477 1050 537 1099 et
597 1041 898 1099 varietates
957 1042 1423 1118 mutationesque
1482 1042 1900 1117 cognovimus:

211 1140 356 1199 quae
397 1121 447 1179 si
479 1121 812 1200 hominibus
857 1121 994 1178 solis
1033 1129 1175 1178 nota
1208 1129 1358 1192 sunt,
1390 1121 1688 1194 hominum
1733 1139 1905 1177 causa

208 1202 367 1259 faeta
409 1220 532 1260 esse
579 1200 950 1260 iudicandum
1001 1208 1105 1258 est.
1194 1203 1220 1257 1
1233 1205 1326 1258 56.
1377 1199 1553 1257 Terra
1598 1218 1732 1256 vero
1780 1200 1905 1256 feta

209 1281 476 1358 frugibus
505 1290 564 1340 et
591 1281 748 1338 vario
777 1279 1136 1357 leguminum
1165 1299 1389 1357 genere,
1411 1297 1555 1357 quae
1588 1298 1720 1337 cum
1749 1298 1905 1352 max-

209 1361 330 1419 ima
354 1361 618 1438 largitate
648 1360 863 1430 fundit,
888 1379 956 1417 ea
984 1360 1311 1416 ferarumne
1338 1379 1407 1417 an
1443 1358 1747 1416 hominum
1774 1377 1904 1415 oau-

211 1461 274 1498 sa
298 1437 535 1518 gignere
569 1440 831 1497 videtur?
912 1439 1068 1508 Quid
1096 1439 1169 1496 de
1202 1438 1415 1496 vitibus
1449 1437 1785 1515 olivetisque
1818 1438 1904 1495 di-

211 1522 374 1578 cam?
423 1539 663 1597 quarum
711 1519 985 1578 uberrimi
1030 1519 1439 1595 laetissimique
1486 1515 1709 1576 fruetus
1756 1515 1901 1574 nihil

212 1600 452 1657 omnino
493 1599 567 1656 ad
600 1599 814 1657 bestias
846 1599 1154 1676 pertinent.
1240 1598 1443 1676 Neque
1484 1598 1637 1655 enim
1677 1596 1901 1655 serendi

211 1699 396 1757 neque
425 1679 650 1738 colendi
673 1698 778 1737 nec
800 1679 1141 1756 tempestive
1171 1677 1497 1736 demetendi
1518 1676 1896 1756 percipiendi-

214 1780 324 1839 que
355 1760 578 1819 fructus
613 1778 800 1838 neque
834 1758 1123 1817 condendi
1152 1778 1218 1816 ac
1250 1758 1565 1836 reponendi
1591 1757 1707 1816 ulla
1733 1777 1901 1835 pecu-

211 1841 352 1899 dum
375 1840 614 1899 soientia
641 1847 730 1897 est
759 1859 1067 1917 earumque
1096 1840 1356 1897 omnium
1387 1858 1572 1896 rerum
1596 1838 1893 1895 hominum

213 1929 300 1980 est
326 1929 385 1979 et
411 1941 548 1979 usus
581 1928 642 1979 et
673 1940 824 1978 eura.
910 1918 1129 1976 LXIII.
1181 1919 1310 1977 157.
1348 1918 1435 1977 Ut
1462 1918 1604 1976 fides
1632 1918 1807 1994 igitur
1838 1926 1898 1974 et

211 2002 384 2059 tibias
417 2021 615 2059 eorum
651 2019 821 2059 causa
852 2000 1037 2057 factas
1070 1999 1377 2057 dicendum
1414 2007 1514 2068 est,
1540 1998 1639 2077 qui
1666 1997 1777 2055 illis
1810 1998 1895 2055 uti

212 2088 462 2159 possent,
495 2081 574 2137 sio
617 2100 699 2150 ea,
734 2099 878 2159 quae
919 2080 1189 2148 diximuS‚
1222 2079 1293 2135 iis
1334 2078 1467 2135 solis
1508 2076 1893 2136 confitendum

213 2168 300 2218 est
341 2170 461 2218 esse
495 2167 708 2235 parata,
735 2161 834 2238 qui
875 2167 1135 2228 utuntur,
1160 2178 1265 2216 nec
1298 2159 1345 2215 si
1381 2177 1523 2237 quae
1554 2156 1768 2216 bestiae
1808 2158 1899 2214 fu-

211 2248 410 2298 rantur
435 2238 656 2317 aliquid
683 2259 752 2297 ex
774 2240 844 2297 iis
873 2247 974 2298 aut
994 2240 1245 2316 rapiunt,
1266 2237 1485 2296 illarum
1518 2257 1743 2315 quoque
1770 2256 1898 2294 cau-

213 2341 276 2379 sa
307 2340 373 2379 ea
399 2325 534 2377 nata
561 2338 682 2376 esse
711 2319 982 2377 dicemuS.
1070 2319 1275 2395 Neque
1308 2319 1460 2375 enim
1488 2317 1749 2375 homines
1774 2337 1899 2375 mu-

213 2420 340 2458 rum
373 2406 474 2457 aut
499 2398 872 2457 formicarum
906 2418 1075 2456 causa
1109 2399 1465 2456 frumentum
1500 2398 1771 2469 condunt,
1794 2398 1894 2454 sed

213 2481 524 2556 coniugum
559 2485 618 2536 et
645 2478 953 2536 liberorum
988 2486 1048 2537 et
1075 2478 1424 2535 familiarum
1460 2495 1702 2535 suarum.
1785 2477 1899 2534 Ita-

214 2578 323 2635 que
364 2558 579 2616 bestiae
621 2558 840 2628 furtim,
872 2564 938 2616 ut
974 2559 1114 2630 dixi,
1138 2559 1425 2627 fruuntur,
1450 2557 1671 2615 domini
1707 2558 1894 2635 palam

213 2644 272 2695 et
311 2637 500 2695 libere.
590 2643 721 2695 158.
769 2637 1092 2696 Hominum
1135 2639 1313 2715 igitur
1360 2657 1530 2695 causa
1572 2657 1667 2695 eas
1707 2657 1896 2695 rerum

213 2717 407 2793 copias
462 2724 818 2793 comparatas
873 2717 1177 2775 fatendum
1234 2727 1336 2787 est,
1374 2718 1484 2774 nisi
1534 2718 1684 2775 forte
1735 2725 1903 2777 tanta

214 2795 442 2853 ubertas
483 2796 724 2853 varietas
755 2815 1072 2873 pomorum,
1108 2816 1419 2874 eorumque
1463 2796 1743 2855 iucundus
1778 2817 1900 2855 non

213 2882 480 2950 gustatus
506 2874 709 2944 solum,
729 2874 830 2930 sed
857 2876 1131 2931 odoratus
1159 2876 1331 2931 etiam
1361 2885 1420 2933 et
1447 2886 1711 2954 aspectus
1738 2876 1904 2934 dubi-

213 2954 494 3010 tationem
534 2950 725 3009 adfert
758 2953 896 3028 quin
930 2953 1265 3011 hominibus
1300 2954 1433 3012 solis
1468 2976 1533 3012 ea
1569 2970 1769 3013 natm-a
1800 2956 1905 3013 do·

214 3032 448 3088 naverit.
533 3031 898 3105 Tantumque
931 3032 1092 3088 abest
1122 3040 1187 3087 ut
1215 3033 1355 3090 haec
1382 3032 1691 3092 bestiarum
1725 3037 1901 3093 etiam

214 3127 384 3165 eausa
421 3115 619 3184 parata
659 3109 790 3176 sint,
821 3115 886 3163 ut
927 3110 1078 3183 ipsas
1120 3110 1331 3167 bestias
1373 3112 1671 3170 hominum
1717 3116 1907 3191 gratia

213 3192 509 3260 generatas
541 3206 663 3244 esso
695 3186 1004 3243 videamuS.
1091 3187 1247 3257 Quid
1276 3192 1426 3247 onim
1459 3213 1593 3249 oves
1620 3186 1779 3251 aliud
1804 3196 1907 3253 ad-

287 3440 328 3491 k
