2199 3546
1477 0 1700 29 Ὗ-

505 154 742 216 LIB.1.,
771 150 932 204 CAP.
957 152 1496 217 xL1v.-x1.vn.,§
1528 156 1773 207 loo—105.
1888 156 1989 205 183

285 255 616 315 voluerunt.
683 253 902 315 XLVI.
924 255 1123 333 Atque
1150 274 1262 332 ego
1282 254 1547 333 exempla
1566 254 1827 315 ominum
1848 262 1991 314 nota

297 337 604 413 proferam.
690 334 756 393 L.
779 334 1242 393 Paullus.consul
1272 336 1497 407 iterum,
1524 354 1653 393 cum
1692 336 1745 393 ei
1771 335 1988 393 bellum

297 422 364 473 ut
395 435 528 473 cum
561 434 695 493 rege
728 414 903 472 Perse
932 422 1159 491 gereret
1192 415 1511 492 obtigisset,
1536 422 1604 472 ut
1636 434 1703 473 ea
1735 415 1863 493 ipsa
1895 415 1989 473 die

297 496 540 553 domum
580 496 655 552 ad
688 514 988 572 vesperum
1021 494 1211 566 rediit,
1232 494 1472 553 filiolam
1516 514 1677 553 suam
1712 494 1986 568 Tertiam,

299 594 443 653 quae
471 581 598 631 tum
627 581 748 633 erat
767 574 1082 631 admodum
1106 594 1296 651 parva,
1317 574 1578 633 osculans
1607 575 1862 633 animum
1894 576 1989 633 ad-

297 655 470 712 vertit
490 653 847 713 tristiculam.
919 654 954 681 ‘⁴
972 653 1130 723 Quid
1151 661 1239 712 est
1254 653 1289 681 ”
1320 655 1527 731 inquit,
1551 654 1585 682 ‘⁴
1604 674 1735 712 mea
1759 654 1989 713 Tertia?

299 733 441 811 quid
461 734 642 792 tristis
664 735 756 792 es?
769 733 923 777 ’'—“
937 733 1021 791 Mi
1043 741 1207 810 pater
1223 732 1257 762 '’
1280 734 1486 811 inquit,
1511 734 1545 762 ‘⁴
1564 734 1741 793 Persa
1761 735 1987 813 periitss’

297 813 546 871 —Tum
594 814 689 871 ille
737 813 916 871 artius
965 813 1215 891 puellam
1266 814 1633 891 complexus:
1693 816 1989 893 “Accipio

299 892 505 951 omen'
510 892 812 971 'inquit“
829 912 960 951 mea
983 892 1138 951 filia’
1144 892 1158 920 '
1222 893 1363 952 Erat
1392 902 1584 952 autem
1614 901 1877 952 mortuus
1905 914 1991 953 ca-

299 972 467 1031 tellus
489 974 828 1031 eonomine.
901 977 1033 1043 104.
1058 972 1121 1031 L.
1143 973 1428 1045 Flaccum,
1449 974 1739 1031 flaminem
1764 974 1992 1032 Martia-
2009 1019 2017 1026 .

298 1053 429 1123 lem,
453 1072 562 1131 ego
605 1052 815 1125 audivi,
841 1072 974 1111 cum
1007 1053 1225 1112 diceret
1260 1019 1565 1114 Caeciliam
1602 1054 1837 1126 Metelli,
1858 1075 1988 1113 cum

299 1132 469 1191 vellet
501 1134 712 1191 sororis
745 1152 879 1192 suae
912 1132 1090 1191 filiam
1123 1134 1187 1191 in
1220 1134 1655 1193 matrimonium
1694 1135 1988 1207 collocare,

299 1212 478 1271 exisse
511 1213 574 1270 in
609 1212 903 1290 quoddam
946 1213 1216 1272 sacellum
1262 1214 1473 1271 ominis
1506 1215 1771 1292 capiendi
1805 1234 1987 1285 causa,

299 1292 456 1370 quod
484 1292 606 1351 fieri
633 1311 793 1354 more
823 1299 1081 1351 veterum
1119 1293 1353 1353 solebat.
1439 1294 1587 1352 Cum
1619 1295 1781 1372 virgo
1815 1302 1993 1353 staret

299 1379 358 1430 et
385 1371 676 1431 Caecilia
660 1392 721 1431 m
759 1372 896 1431 sella
931 1374 1154 1433 sederet
1182 1393 1369 1452 neque
1403 1375 1503 1432 diu
1538 1375 1654 1433 ulla
1680 1394 1793 1432 vox
1826 1375 1994 1432 exsti-

298 1452 480 1524 tisset,
500 1452 750 1530 puellam
775 1453 1157 1546 defetigatam
1179 1454 1389 1531 petisse
1412 1474 1447 1511 a
1466 1460 1785 1525 matertera,
1799 1461 1865 1511 ut
1884 1454 1993 1514 sibi

299 1533 638 1591 concederet
665 1534 959 1611 paulisper
993 1541 1060 1591 ut
1092 1534 1157 1590 in
1190 1534 1313 1591 eius
1346 1534 1483 1591 sella
1514 1534 1908 1611 requiesceret,
1932 1532 1995 1590 il-

298 1611 413 1670 lam
443 1618 637 1671 autem
674 1613 918 1671 dixisse:
967 1613 1002 1641 ‘⁶
1020 1613 1196 1685 Ver0,
1214 1632 1347 1671 mea
1372 1614 1577 1692 puella,
1602 1612 1712 1671 tibi
1740 1614 1994 1671 concedo
2066 1686 2077 1691 -

297 1711 456 1749 meas
497 1691 716 1751 sedes,”
803 1693 977 1762 Quod
1011 1712 1183 1751 omen
1214 1712 1305 1751 res
1338 1702 1643 1752 consecuta
1675 1700 1777 1752 est.
1862 1693 1996 1771 Ipsa

299 1772 454 1831 enim
483 1771 643 1831 brevi
665 1780 900 1832 mortua
930 1780 1032 1846 est,
1047 1775 1210 1852 virgo
1240 1781 1431 1832 autem
1461 1775 1660 1852 nupsit
1688 1775 1781 1832 cui
1804 1772 1996 1832 Caeci-

298 1852 375 1910 lia
403 1859 586 1931 nupta
614 1854 822 1912 fuerat.
903 1853 1064 1912 Haec
1093 1873 1262 1931 posse
1292 1854 1585 1912 contemni
1606 1854 1696 1912 vol
1724 1853 1895 1912 etiam
1926 1855 1997 1912 ri-

299 1933 421 1990 deri
455 1933 742 2011 praeclare
787 1933 1082 2010 intellegO,
1107 1933 1207 1991 sed
1239 1933 1304 1990 id
1335 1934 1525 2012 ipsum
1569 1939 1657 1992 est
1697 1933 1837 1991 deos
1876 1953 1995 1991 non

297 2020 519 2092 putare,
544 2032 688 2091 quae
720 2013 792 2072 ab
821 2014 894 2071 iis
920 2012 1319 2090 significantur
1346 2020 1727 2071 contemnere.

378 2092 629 2152 XLVII.
721 2099 854 2152 105.
895 2091 1050 2162 Quid
1077 2093 1151 2150 de
1184 2092 1495 2169 auguribus
1524 2093 1759 2170 loquar?
1838 2091 1996 2151 Tuae

298 2180 490 2251 partes
515 2179 682 2231 sunt:
721 2180 907 2245 tuum,
928 2173 1183 2250 inquam,
1205 2173 1589 2250 auspiciorum
1611 2173 1994 2251 patrocinium

300 2253 476 2311 debet
505 2271 642 2311 esse.
729 2253 867 2312 Tibi
893 2253 1050 2331 App.
1076 2252 1353 2310 Claudius
1386 2271 1569 2330 augur
1602 2253 1823 2311 consuli
1855 2269 1999 2329 nug—

300 2333 469 2391 tiavit
492 2332 836 2390 addubitato
867 2331 1080 2391 Salutis
1110 2333 1350 2410 augurio
1373 2333 1586 2392 bellum
1614 2333 1993 2392 domesticum

299 2412 464 2471 triste
493 2431 560 2470 ac
594 2412 994 2471 turbulentum
1024 2414 1185 2470 fore:
1223 2412 1380 2490 quod
1406 2414 1605 2491 paucis
1632 2421 1766 2491 post
1792 2412 1998 2472 mensi-

298 2491 408 2550 bus
437 2499 702 2551 exortum
734 2492 1103 2570 paucioribus
1136 2512 1171 2550 a
1196 2499 1256 2551 te
1290 2499 1377 2550 est
1404 2493 1607 2551 diebus
1640 2513 1993 2571 oppressum.

300 2573 412 2631 Cui
432 2571 667 2650 quidem
689 2573 891 2650 auguri
909 2571 1279 2630 vehementer
1300 2573 1605 2631 adsentior.
1652 2571 1821 2631 Solus
1843 2574 1997 2630 enim

299 2653 616 2711 multorum
652 2663 936 2710 annorum
979 2653 1259 2711 memoria
1292 2672 1407 2711 non
1445 2653 1789 2712 decantandi
1814 2655 1997 2729 'augu-

299 2733 389 2804 rii‚
421 2732 523 2791 sed
555 2732 858 2792 divinandi
892 2733 1082 2792 tenuit
1118 2732 1497 2809 disciplinam.
1582 2733 1770 2802 Quem
1805 2733 1999 2790 irride-

295 2811 442 2871 bant
462 2813 716 2890 collegae
737 2813 826 2871 tui
849 2831 1096 2890 eumque
1118 2819 1243 2870 tum
1268 2811 1544 2883 Pisidam,
1565 2819 1689 2870 tum
1715 2809 1997 2869 Soranum

298 2911 576 2970 augurem
621 2912 743 2951 esse
778 2893 1063 2951 dicebant.
1152 2892 1377 2961 Quibus
1414 2892 1571 2950 nulla
1602 2890 1952 2950 videbatur'
1934 2909 1998 2947 m

297 2972 556 3050 auguriis
584 2980 686 3030 ant
708 2973 980 3051 auspiciis
1008 2973 1335 3051 praesensio
1365 2979 1465 3030 aut
1488 2971 1727 3030 scientia
1744 2971 1999 3028 veritatis

274 3052 545 3125 .futurae‚
573 3052 860 3131 sapienter
888 3052 1119 3111 aiebant
1140 3052 1215 3110 ad
1238 3053 1573 3129 opinionem
1597 3051 1995 3128 imperitorum

297 3151 422 3191 esse
449 3132 615 3192 fictas
637 3131 964 3210 religiones
1051 3131 1223 3202 Quod
1253 3132 1425 3209 longe
1456 3150 1619 3189 secus
1650 3139 1769 3188 est:
1813 3149 1998 3207 neque

297 3212 456 3272 enim
478 3213 540 3272 111
560 3212 890 3290 pastoribus
912 3212 1040 3286 illis,
1063 3212 1272 3290 quibus
1294 3211 1577 3270 Romulus
1606 3211 1873 3289 praefuit,
1887 3231 1997 3268 nec
