2199 3546
245 145 345 205 220
450 149 455 154 ’
766 153 868 203 DE
903 150 1408 204 DIVINATIONE.

246 264 367 315 tam
395 251 679 313 mirabilia
706 255 822 313 sint
851 273 1024 332 quam
1058 255 1321 312 coniecta
1345 253 1525 311 belle:
1570 272 1715 331 quae
1741 259 1937 313 tamen

247 337 336 395 vel
356 336 482 413 ipsa
501 334 647 393 falsa
674 355 794 394 esse
815 335 906 393 vel
929 354 1010 401 ea,
1037 354 1183 411 (11188
1203 334 1497 411 praedicta
1518 339 1671 406 sunt,
1690 334 1939 391 fortuito

248 416 518 474 cecidisse
564 421 894 492 potuerunt.
978 413 1071 472 De
1120 414 1249 494 ipso
1297 413 1508 472 Roscio
1558 420 1751 491 potest
1792 413 1939 471 illud

249 496 486 588 quidem
527 514 647 553 esse
687 495 916 564 falsum,
948 502 1016 552 ut
1057 493 1485 571 circumligatus
1524 494 1704 551 fuerit
1742 494 1936 571 angui,

249 576 351 634 sed
382 582 444 634 ut
471 576 532 633 in
566 576 728 633 cunis
754 574 933 633 fuerit
961 575 1181 652 anguiS,
1206 593 1325 631 11011
1317 544 1474 632 etam
1507 581 1596 631 est
1623 573 1851 646 mirum,
1875 574 1937 631 in

250 654 488 713 Solonio
522 656 873 733 praesertim,
903 654 1006 712 ubi
1039 654 1115 711 ad
1147 654 1347 711 focum
1381 672 1597 731 angues
1630 653 1939 711 nundinari

251 735 452 793 solent.
551 735 699 792 Nam
751 733 909 812 quod
948 734 1281 811 haruspices
1335 734 1754 811 responderunt
1793 733 1938 790 nihil

249 815 350 872 illo
384 816 603 885 81811118,
635 814 780 872 nihil
813 814 1064 873 nobilius
1097 815 1243 886 fore,
1265 814 1443 872 miror
1476 813 1615 871 deos
1647 814 1943 871 immorta-

251 894 332 953 les
385 894 651 952 histrioni
707 895 908 952 futuro
969 895 1287 953 claritatem
1344 894 1678 964 ostendisse,
1720 893 1937 951 nullam

251 974 567 1032 ostendisse
607 975 904 1032 Africano,
991 974 1084 1032 67.
1130 975 1328 1051 Atque
1370 973 1545 1031 etiam
1579 994 1614 1031 a
1644 981 1703 1031 te
1737 973 1944 1031 Flami-

249 1054 421 1112 niana
448 1062 674 1112 ostenta
701 1055 940 1113 collecta
961 1061 1111 1112 sunt.
1189 1054 1363 1123 Quod
1383 1055 1507 1131 ipse
1536 1060 1594 1111 et
1616 1072 1797 1131 equus
1817 1054 1942 1110 eius

249 1141 484 1211 repente
525 1134 868 1192 conciderit:
913 1154 1028 1191 non
1065 1153 1201 1192 88118
1234 1134 1492 1192 mirabile
1524 1133 1636 1191 hoc
1671 1133 1941 1211 quidem!

250 1212 423 1283 Quod
463 1214 626 1271 evelli
658 1214 831 1290 primi
865 1214 1078 1272 hastati
1119 1215 1350 1291 signum
1382 1233 1501 1272 non
1534 1213 1821 1290 potuerit:
1872 1213 1944 1269 ti-

251 1294 406 1352 mide
439 1294 682 1351 10118888
711 1294 955 1371 signifer
987 1293 1266 1352 evellebat
1294 1294 1452 1372 quod
1478 1292 1721 1351 fidenter
1747 1292 1943 1350 infixe-

249 1380 353 1431 rat.
440 1374 592 1431 Nam
620 1374 893 1451 Dionysii
921 1394 1103 1452 equus
1132 1374 1273 1451 quid
1300 1373 1497 1431 attulit
1524 1372 1938 1441 admirationiS‚

252 1454 410 1531 quod
437 1455 678 1512 emersit·
696 1474 727 1512 e
754 1454 992 1513 flumine
1015 1454 1286 1532 quodque
1307 1454 1511 1530 habuit
1531 1472 1669 1530 apes
1691 1452 1943 1511 1111111183

251 1533 368 1592 Sed
396 1535 530 1612 quia
557 1535 715 1593 brevi
744 1541 1007 1611 tempore
1040 1552 1277 1611 regnare
1310 1534 1519 1611 coepit,
1542 1533 1700 1610 quod
1726 1533 1944 1590 accide-

249 1621 340 1671 rat
380 1634 531 1685 casu,
560 1614 680 1671 vim
712 1614 916 1672 habuit
948 1613 1177 1672 ostenti.
1262 1614 1347 1671 At
1380 1612 1845 1671 Lacedaemoniis
1878 1612 1942 1669 in

251 1693 520 1751 Herculis
551 1694 691 1751 fano
725 1714 883 1751 arma
915 1700 1231 1753 sonuerunt
1264 1693 1635 1770 eiusdemque
1667 1693 1761 1750 dei
1794 1692 1939 1750 The-

251 1772 344 1832 bis
375 1775 570 1832 valvae
603 1773 824 1832 clausae
857 1773 1048 1833 subito
1078 1792 1138 1832 se
1166 1781 1526 1851 aperuerunt,
1552 1793 1731 1851 eaque
1759 1780 1937 1845 scuta,

254 1873 399 1931 quae
430 1855 660 1912 fuerant
694 1854 937 1912 sublime
969 1854 1101 1926 fixa,
1124 1862 1259 1913 sunt
1289 1853 1457 1912 humi
1484 1855 1731 1911 inventa.
1816 1851 1941 1910 Ho-

251 1953 381 1992 rum
415 1953 545 1992 cum
580 1934 703 1992 fieri
733 1935 879 1992 nihil
912 1935 1169 2027 potuerit
1202 1935 1324 1992 sine
1358 1934 1551 2012 aliquo
1584 1940 1767 2005 motu,
1800 1932 1941 2010 quid

207 2031 213 2036 ·
253 2021 341 2072 881
374 2034 475 2072 8111·
509 2015 788 2072 divinitus
821 2033 888 2073 ea
919 2015 1118 2092 potius
1152 2011 1323 2092 quam
1358 2033 1489 2071 casu
1519 2014 1677 2071 facta
1708 2033 1829 2072 esse
1856 2013 1943 2070 di-

253 2096 485 2152 camus?
565 2093 828 2152 XXXII.
907 2101 999 2152 68.
1043 2095 1171 2152 Α1,
1155 2114 1217 2151 111
1239 2093 1521 2171 Lysandri
1542 2099 1763 2151 statuae
1790 2093 1943 2184 88111-

253 2180 312 2231 te
344 2174 588 2250 Delphis
631 2174 853 2233 exstitit
893 2194 1107 2232 corona
1138 2193 1207 2232 ex
1248 2174 1463 2251 asperis
1494 2173 1687 2231 herbis
1728 2179 1789 2231 et
1820 2171 1944 2250 qui-

253 2253 387 2311 dem
417 2253 620 2311 subita.
705 2253 905 2313 Itane?
937 2273 1133 2312 censes
1160 2261 1293 2312 ante
1320 2273 1591 2312 coronam
1613 2252 1822 2311 herbae
1849 2272 1943 2310 ex-

253 2333 465 2390 stitisse
494 2352 666 2410 quam
695 2340 1038 2411 conceptum
1066 2353 1189 2392 esse
1216 2335 1447 2392 semen?
1479 2333 1718 2392 herbam
1746 2340 1939 2391 autem

253 2431 528 2488 asperam,
565 2412 752 2482 cred0,
783 2415 976 2471 avium
1018 2420 1311 2490 congestu,
1344 2433 1463 2471 11011
1495 2413 1750 2471 humano
1792 2419 1937 2470 satu.

254 2490 379 2550 Iam
415 2492 698 2570 quidquid
724 2493 784 2550 111
819 2494 1007 2570 8811118
1041 2501 1144 2565 881,
1168 2494 1232 2551 id
1262 2513 1506 2552 coronae
1540 2494 1727 2551 simile
1758 2492 1943 2550 videri

254 2579 461 2649 potest.
546 2571 698 2630 Nam
744 2573 904 2650 quod
945 2573 1151 2631 eodem
1194 2580 1457 2650 tempore
1504 2575 1695 2630 stc-llas
1742 2591 1943 2630 aureas

254 2651 509 2710 Castoris
543 2658 602 2710 et
628 2652 882 2712 Pollucis
912 2652 1158 2731 Delphis
1191 2654 1409 2730 positas
1442 2653 1721 2710 decidisse
1753 2671 1943 2728 neque

254 2751 350 2789 eas
375 2751 614 2810 usquam
644 2740 897 2810 repertas
925 2753 1046 2791 esse
1067 2732 1282 2804 dixisti,
1308 2733 1503 2790 furum
1529 2733 1590 2790 id
1611 2732 1797 2809 magis
1825 2732 1943 2788 fac-

254 2817 382 2868 tum
410 2831 584 2889 quam
611 2812 848 2869 deorum
878 2813 1119 2870 videtur.
1206 2818 1299 2870 69.
1345 2812 1559 2870 Simiae
1586 2831 1721 2870 vero
1742 2811 1945 2869 Dodo-

254 2910 428 2949 nacae
453 2891 881 2968 improbitatem
911 2891 1168 2950 historiis
1194 2891 1426 2950 Graecis
1452 2891 1786 2950 mandatam
1819 2909 1943 2949 esse

254 2969 518 3028 demiror.
604 2969 759 3039 Quid
792 2971 984 3029 minus
1015 2972 1230 3029 mirum
1264 2989 1435 3048 quam
1464 2971 1624 3029 illam
1654 2978 1944 3028 monstru-

255 3048 574 3107 osissimam
614 3049 859 3108 bestiam
900 3069 1103 3107 urnam
1146 3051 1430 3120 evertisse,
1462 3058 1645 3109 sortes
1686 3050 1943 3126 dissupa-

252 3127 438 3185 vissei
537 3129 616 3186 Et
669 3135 885 3206 negant
931 3128 1192 3187 historici
1242 3129 1709 3188 Lacedaemoniis
1754 3129 1940 3187 ullum

255 3212 546 3264 ostentum
572 3207 684 3266 hoc
717 3208 938 3265 tristius
969 3209 1256 3268 accidisse.
1342 3209 1494 3267 Nam
1522 3209 1621 3268 illa
1646 3208 1943 3286 praedicta
