2199 3546
217 144 317 192 212
741 134 841 193 DE
873 135 1435 196 DWJNA'HONEJ'

441 243 576 291 Nam
600 253 740 305 pater
761 243 1028 292 altitonans
1051 245 1271 293 stellanti
1296 247 1445 294 nixus
1469 246 1684 310 Olympo

435 311 548 371 Ipse
571 324 686 358 suos
710 310 960 372 quondam
985 311 1202 358 tumulos
1224 326 1284 359 ac
1308 311 1492 374 templa
1510 313 1687 374 petivit

437 375 506 422 Et
529 371 822 438 Capitolinis
841 375 1009 424 iniecit
1029 376 1228 424 sedibus
1249 378 1402 437 ignes.

215 479 364 536 Tum
395 486 584 538 statua
610 479 836 551 Nattae,
861 487 988 538 tu'm
1017 481 1321 539 simulacra
1340 481 1579 540 deorum
1602 482 1911 542 Romulus-

218 579 328 636 que
356 566 416 617 et
442 559 657 618 Remus
685 580 818 618 cum
845 561 1042 618 altrice
1068 561 1240 618 belua
1268 562 1326 619 vi
1353 561 1615 620 fulminis
1642 563 1747 621 icti
1774 583 1911 622 con-

214 639 495 712 ciderunt,
519 640 704 718 deque
731 640 822 697 his
849 641 1020 699 rebus
1047 640 1416 719 haruspicum
1452 643 1797 702 exstiterunt
1824 665 1909 702 re-
1932 665 1943 672 ·

215 739 428 797 sponsa
467 721 772 778 verissima.
859 725 953 778 46.
1007 720 1270 778 Mirabile
1313 730 1506 800 autem
1548 723 1708 793 illud,
1746 725 1911 802 quod

215 818 284 857 eo
313 801 440 877 ipso
468 808 744 878 tempore,
769 820 885 878 quo
913 800 1076 859 fieret
1096 801 1377 860 indicium
1407 803 1823 862 coniurationis
1844 805 1908 862 in

215 886 433 951 senatu,
459 881 687 958 signum
716 879 870 938 Iovis
891 881 1127 939 biennio
1155 889 1291 958 post
1314 901 1487 960 quam
1509 890 1630 940 erat
1651 883 1908 942 locatum
1978 911 1985 927 ι

212 959 274 1017 in
316 959 608 1037 Capitolio
649 961 1049 1019 collocabatur.
1137 963 1173 989 “
1191 961 1281 1019 Tu
1314 963 1495 1039 igitur
1529 963 1786 1020 animum
1822 965 1910 1020 in-

213 1039 548 1097 duces—sic
605 1041 758 1098 enim
800 1060 1027 1098 mecum
1070 1041 1589 1119 agebas—causam
1631 1043 1803 1100 istam
1850 1053 1909 1106 et

213 1127 413 1178 contra
443 1120 600 1177 facta
625 1127 725 1176 tua
753 1127 812 1178 et
839 1129 1040 1178 contra
1067 1122 1281 1199 scripta
1308 1122 1618 1180 defendere
1635 1122 1690 1180 2”
1776 1124 1909 1188 Fra-

211 1206 299 1256 ter
325 1218 418 1257 es:
461 1219 532 1256 eo
565 1219 774 1258 vercor.
861 1201 1083 1260 Verum
1114 1203 1255 1280 quid
1282 1202 1390 1260 tibi
1420 1202 1513 1260 hic
1540 1201 1777 1261 tandem
1806 1223 1909 1261 no-

212 1281 339 1337 cet?
381 1299 556 1350 resne,
584 1299 728 1356 quae
755 1280 888 1338 talis
917 1287 1019 1352 est,
1047 1301 1121 1338 an
1150 1301 1277 1359 ego,
1302 1283 1401 1360 qui
1428 1302 1628 1356 verum
1662 1283 1907 1360 explica-

211 1361 260 1417 ri
295 1360 462 1417 volo?
543 1358 747 1438 Itaque
775 1361 919 1418 nihil
949 1368 1153 1419 contra
1185 1363 1334 1433 dico,
1358 1383 1393 1420 a
1419 1369 1479 1420 te
1506 1364 1791 1421 rationem
1819 1371 1907 1422 to-

211 1441 328 1498 tius
357 1440 752 1518 haruspicinae
771 1448 922 1518 peto,
993 1441 1111 1498 Sed
1138 1449 1197 1500 te
1217 1441 1516 1502 mirificam
1538 1443 1597 1500 in
1622 1442 1903 1501 latebram

211 1521 524 1579 coniecisti.
607 1520 781 1590 Quod
809 1521 962 1578 enim
992 1521 1355 1598 intellegeres
1381 1523 1508 1580 fore
1535 1529 1603 1580 ut
1624 1542 1906 1599 premere-

212 1619 288 1673 re,
314 1621 445 1658 cum
480 1620 549 1658 ex
578 1607 635 1658 te
669 1621 866 1659 causas
892 1601 1064 1658 unius
1096 1602 1371 1679 cuiusque
1406 1603 1777 1660 divinationis
1811 1623 1907 1660 ex-

213 1682 512 1758 quirerem,
535 1681 720 1738 multa
752 1681 924 1739 verba
954 1681 1149 1739 fecisti
1176 1688 1251 1753 te,
1276 1701 1409 1740 cum
1435 1701 1525 1740 res
1557 1683 1796 1754 videreS,
1820 1703 1907 1740 ra-

211 1761 433 1820 tionem
462 1781 804 1839 causamque
832 1781 950 1819 non
979 1781 1265 1839 quaerere,
1291 1762 1430 1840 quid
1452 1761 1629 1834 fieret,
1654 1784 1771 1821 non
1800 1782 1905 1822 cur

209 1841 390 1914 fieret,
414 1842 488 1900 ad
519 1862 640 1901 rem
676 1843 976 1919 pertinere.
1060 1842 1241 1912 Quasi
1274 1861 1382 1920 ego
1417 1850 1517 1900 aut
1548 1842 1671 1900 fieri
1704 1862 1909 1902 conce·

213 1922 404 1981 derem
437 1930 536 1981 aut
564 1930 711 1981 esset
731 1922 1063 2000 philosophi
1085 1942 1315 1980 causam
1343 1942 1444 1980 cur
1466 1924 1720 2001 quidque
1740 1923 1907 1983 fieret

213 2023 330 2061 non
362 2023 642 2081 quaerere.
729 2004 822 2061 47.
867 2003 945 2060 Et
973 2022 1041 2059 eo
1073 2002 1306 2079 quidem
1337 2002 1464 2060 loco
1494 2010 1553 2060 et
1580 2004 1907 2081 prognosti-

213 2103 279 2140 ca
305 2092 503 2141 nostra
528 2083 942 2161 pronuntiabas
970 2089 1029 2140 et
1049 2102 1259 2159 genera
1278 2082 1603 2154 herbarum,
1626 2102 1907 2141 scammo-

213 2182 382 2221 neam
417 2163 954 2241 aristolochiamque
985 2162 1256 2234 radicem,
1282 2182 1523 2241 quarum
1557 2182 1785 2221 causam
1820 2164 1906 2239 ig-

214 2262 458 2315 norares
494 2243 614 2299 vim
656 2249 714 2299 et
757 2244 1026 2300 effectum
1069 2242 1307 2301 videres,
1391 2241 1562 2301 XXI.
1606 2242 1907 2301 Dissimile

213 2330 419 2380 totum.
505 2321 654 2378 Nam
707 2328 766 2379 et
815 2323 1317 2398 prognosticorum
1372 2342 1571 2381 causas
1618 2324 1907 2399 persecuti

214 2412 348 2459 sunt
381 2408 439 2458 et
466 2400 732 2458 Boethus
775 2400 1020 2473 StoicuS,
1053 2403 1153 2479 qui
1186 2410 1275 2460 est
1306 2423 1341 2461 a
1373 2410 1430 2461 te
1464 2403 1813 2474 nominatae,
1846 2412 1909 2461 et
2014 2424 2021 2431 ·

212 2489 408 2539 noster
435 2481 608 2539 etiam
631 2480 997 2552 PosidoniuS,
1022 2489 1082 2539 et
1111 2482 1159 2539 si
1186 2502 1388 2541 causae
1409 2502 1527 2541 non
1549 2483 1909 2559 reperiantur

212 2562 451 2620 istarum
486 2581 691 2633 rerum,
712 2581 800 2619 res
827 2569 1022 2619 tamen
1052 2562 1208 2638 ipsae
1238 2562 1523 2620 observari
1553 2562 1904 2620 animadver-

214 2642 373 2719 tique
407 2648 663 2718 possunt.
749 2641 962 2699 Nattae
1005 2660 1138 2699 vero
1182 2648 1370 2700 statua
1410 2649 1511 2700 aut
1548 2662 1677 2701 aera
1708 2643 1907 2719 legum

213 2722 286 2779 de
314 2720 470 2778 caelo
498 2727 653 2778 tacta
680 2722 820 2797 quid
842 2721 1058 2779 habent
1087 2722 1450 2779 observatum
1480 2741 1545 2779 ac
1574 2724 1909 2780 vetustum?

214 2800 433 2858 Pinarii
454 2798 666 2858 Nattae
685 2801 940 2859 nobiles:
985 2820 1020 2859 a
1040 2800 1345 2860 nobilitate
1366 2802 1547 2879 igitur
1566 2801 1905 2879 periculum.

214 2880 346 2937 Hoc
386 2887 508 2937 tam
543 2880 744 2937 callide
779 2880 1042 2957 Iuppiter
1083 2881 1395 2957 cogitavit!
1479 2881 1763 2940 Romulus
1795 2881 1909 2939 lac-

213 2966 340 3016 tens
366 2958 612 3015 fulmine
641 2960 820 3016 ictus:
864 2959 993 3015 urbi
1014 2960 1193 3033 igitur
1214 2961 1533 3037 periculum
1562 2961 1907 3033 ostenditur,

213 3038 265 3094 ei
313 3056 484 3113 quam
518 3037 614 3093 ille
659 3037 934 3109 condidit.
1021 3037 1209 3105 Quam
1255 3040 1395 3097 scite
1439 3060 1543 3116 per
1585 3047 1753 3097 notas
1796 3060 1909 3098 nos

213 3116 478 3172 certiores
507 3115 648 3171 facit
672 3115 963 3191 Iuppiter!
1040 3115 1125 3173 At
1154 3118 1359 3175 eodem
1379 3126 1641 3195 tempore
1670 3120 1908 3195 signum

213 3194 366 3250 Iovis
407 3192 805 3264 collocabatur,
838 3212 952 3265 quo
995 3194 1317 3254 coniuratio
1360 3197 1738 3256 indicabatur.
1828 3198 1907 3258 Et
