2199 3546
597 129 736 182 LIB.
763 129 860 192 11„
883 129 1041 181 CAP.
1070 129 1327 193 IX.—X1.,
1356 129 1387 191 §
1413 131 1594 182 23-29.
1875 140 1941 188 57

251 231 454 291 eadem
483 250 543 289 se
571 231 830 290 admixto
859 231 1045 290 calore
1072 231 1385 309 liquefacta
1404 238 1465 310 et
1485 231 1706 309 dilapsa
1732 232 1933 294 diffun-

250 311 428 370 deret.
514 310 718 389 Itaque
759 318 819 369 et
851 310 1217 389 aquilonibus
1249 311 1595 405 reliquisque
1627 313 1941 389 frigoribus

250 391 492 449 adiectis
524 391 776 448 durescit
807 409 977 448 umor
1009 398 1068 449 et
1099 391 1253 449 idem
1288 391 1539 448 vicissim
1571 392 1831 452 mollitur
1861 402 1943 453 te-

247 470 515 548 pefactus
543 478 604 529 et
628 470 871 529 tabescit
898 471 1099 529 calore.
1184 471 1381 548 Atque
1410 473 1583 529 etiam
1615 474 1797 531 maria
1824 477 1943 566 agi-

247 557 373 609 tata
399 550 587 608 ventis
619 550 702 608 ita
732 556 1050 627 tepescunt,
1074 555 1143 608 ut
1173 551 1432 628 intellegi
1457 551 1627 610 facile
1661 553 1845 630 possit
1878 555 1939 611 in

247 629 429 688 tantis
469 629 584 687 illis
623 628 921 687 umoribus
969 649 1090 688 esse
1131 629 1415 688 inclusum
1464 631 1725 690 calorem.
1816 633 1939 692 Nec

249 710 407 769 enim
435 689 530 767 ille
559 715 824 768 externus
851 716 912 766 et
937 709 1293 768 adventicius
1320 710 1619 769 habendus
1645 719 1732 770 est
1752 719 1935 790 tepor,

249 789 356 847 sed
395 808 464 847 ex
498 789 720 846 intimis
761 789 937 847 maris
977 789 1238 867 partibus
1280 791 1595 874 agitatione
1640 792 1935 865 excitatus,

250 869 411 946 quod
431 869 642 926 nostris
665 887 892 946 quoque
921 869 1259 947 corporibus
1286 863 1591 948 contingit,
1612 891 1745 930 cum
1773 882 1936 931 motu

248 955 425 1025 atque
457 949 864 1006 exercitatione
904 949 1270 1008 recalescunt.
1355 948 1488 1028 Ipse
1523 970 1656 1009 vero
1689 957 1805 1024 aer,
1878 953 1937 1010 ui

249 1035 457 1086 natura
487 1034 574 1086 est
601 1028 851 1087 maxime
878 1028 1143 1106 frigidae,
1166 1029 1409 1088 minime
1442 1037 1531 1088 est
1558 1051 1759 1108 expers
1793 1051 1824 1089 e
1881 1051 1935 1088 o-

247 1108 344 1168 ris,
429 1107 523 1166 27.
569 1107 673 1166 Ille
700 1127 836 1166 vero
865 1116 924 1167 et
949 1107 1136 1166 multo
1165 1108 1401 1187 quidem
1435 1110 1620 1168 calore
1648 1111 1938 1168 admixtus

248 1194 354 1246 est.
419 1186 571 1280 Ipse
599 1188 754 1246 enim
785 1189 968 1249 oritur
993 1208 1062 1246 ex
1091 1189 1464 1286 respiratione
1497 1208 1807 1267 aquarum:
1851 1210 1939 1248 ea-

248 1286 376 1325 rum
406 1268 560 1325 enim
596 1268 760 1346 quasi
787 1288 966 1346 vapor
993 1268 1229 1346 quidam
1257 1275 1359 1326 aer
1384 1269 1681 1328 habendus
1708 1277 1809 1328 est.
1879 1270 1937 1328 Is

249 1353 442 1405 autem
485 1348 710 1406 exsistit
740 1355 908 1406 motu
949 1349 1072 1406 eius
1114 1348 1317 1406 caloris
1358 1349 1457 1426 qui
1490 1351 1652 1427 aquis
1685 1351 1939 1408 contine-

246 1434 360 1485 tur.
445 1426 632 1497 Quam
675 1427 1111 1486 similitudinem
1157 1447 1387 1486 cernere
1470 1448 1731 1487 ossumus
1772 1430 1831 1487 in
1865 1430 1937 1488 iis

248 1506 416 1584 aquis
459 1526 601 1585 quae
635 1507 1013 1566 effervescunt
1041 1507 1289 1566 subditis
1316 1449 1563 1585 ἰςιιιῖιιιε.
1648 1509 1771 1567 Iam
1802 1529 1936 1568 vero

247 1586 470 1664 reliqua
499 1594 700 1665 quarta
726 1606 857 1665 pars
884 1587 1105 1659 mundi,
1126 1606 1193 1646 ea
1221 1594 1280 1645 et
1307 1587 1433 1664 ipsa
1452 1595 1578 1646 tota
1604 1594 1809 1647 natura
1826 1589 1938 1647 fer-

249 1666 384 1724 vida
411 1673 499 1725 est
526 1673 586 1725 et
613 1668 815 1726 ceteris
841 1668 1060 1725 naturis
1094 1667 1365 1725 omnibus
1398 1668 1697 1726 salutarem
1730 1670 1938 1746 imper-

240 1747 325 1806 tit
346 1754 405 1806 et
427 1746 652 1806 vitalem
679 1747 940 1807 calorem.
1020 1753 1115 1806 28.
1152 1747 1239 1805 Ex
1263 1767 1377 1826 quo
1406 1747 1783 1820 concluditur,
1804 1768 1934 1807 cum

248 1847 450 1886 omnes
493 1827 698 1886 mundi
741 1835 932 1905 partes
977 1828 1369 1886 sustineantur
1410 1827 1612 1900 calore,
1652 1829 1935 1887 mundum

246 1908 424 1966 etiam
451 1907 642 1985 ipsum
671 1906 846 1965 simili
872 1908 1113 1986 parique
1145 1914 1349 1967 natura
1376 1907 1436 1965 in
1466 1914 1629 1966 tanta
1656 1909 1936 1967 diuturni-

245 1994 368 2046 tate
402 1988 627 2059 servari,
658 2007 842 2065 eoque
883 1988 1085 2065 magis,
1120 1987 1275 2065 quod
1308 1987 1567 2065 intellegi
1600 1988 1773 2046 debet
1805 1989 1936 2048 cali-

246 2066 390 2125 dum
418 2067 561 2125 illud
588 2075 761 2145 atque
789 2068 1026 2144 igneum
1058 2068 1143 2125 ita
1174 2067 1234 2124 in
1270 2067 1430 2124 omni
1459 2067 1655 2124 fusum
1689 2087 1808 2125 esse
1842 2088 1937 2127 na-

245 2154 392 2219 tura,
417 2155 484 2205 ut
511 2148 572 2205 in
607 2166 676 2205 eo
703 2148 842 2205 insit
868 2147 1207 2226 procreandi
1233 2146 1321 2204 vis
1354 2152 1413 2204 et
1442 2165 1611 2204 eausa
1635 2148 1933 2224 gignendi,

206 2297 214 2305 .
247 2247 284 2285 a
311 2246 426 2306 quo
461 2234 520 2285 et
547 2227 864 2285 animantia
895 2226 1092 2285 omnia
1124 2233 1184 2285 et
1212 2246 1279 2285 ea
1316 2245 1561 2305 quorum
1596 2228 1801 2305 stirpes
1828 2235 1938 2286 ter-

244 2326 312 2365 ra
338 2308 721 2379 continentur,
742 2314 800 2366 et
821 2307 978 2365 nasci
999 2307 1075 2365 sit
1093 2326 1323 2365 necesse
1352 2313 1411 2364 et
1432 2326 1747 2384 augescere.
1824 2307 1932 2366 XI.

247 2392 343 2445 29.
388 2386 610 2445 Natura
649 2394 738 2446 est
769 2387 964 2465 igitur,
996 2406 1143 2465 quae
1176 2386 1469 2445 contineat
1500 2386 1783 2446 mundum
1816 2406 1939 2444 om⁴

245 2486 380 2525 nem
423 2486 670 2545 eumque
702 2474 947 2539 tueatur,
979 2474 1039 2526 et
1071 2486 1139 2524 ea
1172 2466 1406 2544 quidem
1441 2485 1558 2524 non
1602 2466 1725 2524 sine
1766 2486 1933 2525 sensu

246 2554 420 2624 atque
462 2548 720 2605 ratione:
779 2566 1010 2605 omnem
1053 2546 1211 2605 enim
1255 2552 1518 2604 naturam
1560 2565 1789 2605 necesse
1829 2554 1933 2619 est,

246 2645 393 2703 quae
433 2645 551 2684 non
594 2626 848 2685 solitaria
881 2627 957 2684 sit
989 2645 1177 2704 neque
1218 2625 1479 2703 simplex,
1512 2627 1614 2684 sed
1646 2646 1778 2685 cum
1820 2626 1935 2684 alio
1975 2658 1980 2662 ·

243 2706 443 2764 iuncta
473 2713 647 2784 atque
679 2725 910 2778 conexa,
940 2705 1152 2764 habere
1183 2704 1433 2783 aliquem
1466 2706 1528 2763 in
1560 2726 1621 2764 se
1653 2706 1935 2783 principa-

245 2792 391 2857 tum,
415 2791 483 2843 ut
507 2786 568 2843 in
597 2785 833 2845 homine
861 2792 1135 2857 mentem,
1158 2785 1218 2843 in
1248 2784 1417 2843 belua
1445 2786 1718 2863 quiddam
1750 2786 1935 2844 simile

243 2865 474 2937 mentiS,
497 2866 652 2923 unde
680 2865 938 2925 oriantur
963 2884 1154 2924 rerum
1182 2865 1491 2957 appetitus.
1568 2865 1636 2924 In
1666 2865 1932 2923 arborum

244 2951 441 3003 autem
474 2954 534 3003 et
562 2964 756 3004 earum
789 2964 978 3004 rerum
1015 2964 1161 3023 quae
1188 2945 1509 3022 gignuntur
1542 2964 1573 3003 e
1600 2953 1766 3017 terra,
1789 2944 1936 3003 radi·

245 3023 459 3083 cibus
441 3044 626 3083 messe
666 3025 1023 3103 principatus
1063 3032 1316 3103 putatur.
1362 3024 1798 3123 Principatum
1839 3038 1936 3081 au-

243 3111 364 3163 tem
393 3105 458 3164 id
490 3104 638 3177 dico,
666 3105 820 3183 quod
855 3104 1111 3164 Graeci‘
1089 3103 1420 3182 ηγεμοιικόν
1452 3111 1678 3177 vocant,
1704 3125 1818 3183 quo
1852 3104 1936 3161 ni·

244 3184 373 3241 hil·
357 3203 420 3242 ιιι
448 3203 678 3263 quoque
704 3203 912 3263 genere
939 3204 1046 3244 nec
1073 3192 1269 3263 potest
1295 3203 1401 3242 nec
1430 3183 1603 3243 debet
1630 3204 1751 3243 esse
1778 3202 1935 3263 praen
