2199 3546
617 158 754 209 Lm.
787 155 912 221 111„
937 157 1094 209 CAP.
1120 156 1477 220 XV.-xv11.‚
1500 156 1530 217 5
1552 157 1733 206 38—43.
1923 157 2016 205 121

333 280 474 319 num
504 258 770 317 Liberum
808 259 1068 332 dicimus,
1099 278 1307 335 genere
1339 278 1445 315 nos
1478 258 1711 336 quidem
1741 257 2019 315 sermonis

334 341 552 399 utimur
581 340 808 411 usitatO,
829 340 931 397 sed
958 358 1193 417 ecquem
1224 346 1341 397 tam
1372 346 1659 397 amentem
1688 358 1809 397 esse
1830 344 2015 415 putaS,

335 422 435 498 qui
483 420 641 490 illud,
684 440 798 497 quo
847 426 1123 491 vescatur,
1160 419 1331 477 deum
1382 418 1581 475 credat
1622 419 1783 475 esse?
1866 417 2017 474 Nam

333 521 478 578 quos
511 499 582 557 ab
610 499 944 557 hominibus
971 500 1295 577 pervenisse
1328 500 1471 556 dicis
1504 499 1577 555 ad
1612 498 1766 569 deOS,
1798 505 1862 554 tu
1896 497 2019 553 red-

332 580 404 638 de
445 588 724 637 rationem
775 597 944 657 quem
987 579 1062 636 ad
1093 579 1336 636 modum
1381 579 1443 636 id
1475 577 1598 635 fieri
1631 578 1885 655 potuerit
1918 583 2017 633 aut

330 679 433 718 cur
458 659 580 717 fieri
609 660 856 731 desierit,
882 666 940 717 et
969 678 1076 736 ego
1107 659 1323 717 discam
1352 658 1611 715 libenter.
1681 656 1810 726 Quo
1839 656 2016 714 modo

329 759 484 798 nunc
519 738 753 816 quidem
785 746 891 811 est,
922 758 1038 796 non
1072 738 1242 797 video
1278 758 1395 815 quo
1424 744 1596 815 pacto
1630 736 1743 809 ille,
1773 737 1864 794 cui
1902 738 2015 793 “in

328 826 528 877 monte
561 820 780 877 Oetaeo
807 818 996 877 illatae
1025 818 1318 896 lampades
1344 816 1617 886 fuerint‚”
1648 825 1715 876 ut
1742 816 1824 874 ait
1850 816 2017 873 Acci-

329 919 415 971 uS,
449 900 482 927 ‘⁶
502 900 560 956 in
590 899 830 957 domum
860 906 1147 956 aeternam
1178 898 1357 975 patris
1372 897 1405 924 ”
1436 918 1505 955 ex
1533 897 1633 955 illo
1666 897 1867 954 ardore
1894 916 2018 972 per-

330 980 586 1036 venerit:
643 998 812 1056 quem
856 986 1048 1035 tamen
1095 978 1384 1035 Homerus
1425 977 1579 1054 apud
1620 976 1837 1034 inferos
1885 995 2017 1034 con-

327 1059 511 1116 veniri
552 1059 692 1116 facit
734 1058 806 1115 ab
848 1058 1040 1128 Ulixe,
1072 1058 1220 1115 sicut
1259 1066 1491 1128 ceteros,
1525 1057 1625 1135 qui
1663 1064 2016 1114 excesserant

328 1138 462 1198 vita.
547 1144 641 1197 42.
687 1138 1048 1216 Quamquam
1092 1156 1261 1215 quem
1305 1138 1671 1214 potissimum
1706 1136 2013 1194 Herculem

327 1218 582 1277 colamus
609 1220 752 1277 scire
779 1238 913 1276 sane
943 1218 1110 1275 velim
1134 1237 1147 1275 :
1190 1216 1381 1295 plures
1408 1218 1561 1275 enim
1592 1217 1827 1275 tradunt
1849 1216 2015 1273 nobis

325 1298 384 1371 ii,
410 1300 509 1376 qui
536 1298 836 1357 interiores
863 1305 1187 1356 scrutantur
1214 1304 1272 1355 et
1294 1298 1615 1357 reconditas
1635 1297 1884 1355 litteras:
1920 1316 2015 1353 an-

325 1379 716 1456 tiquissimum
746 1378 882 1436 Iove
910 1385 1128 1449 natum,
1150 1378 1410 1435 seditem
1434 1377 1571 1435 Iove
1591 1376 2010 1453 antiquissimo,

326 1457 479 1535 Nam
509 1458 676 1517 Ioves
703 1477 932 1536 quoque
962 1457 1152 1535 plures
1179 1458 1238 1514 in
1267 1458 1469 1535 priscis
1496 1457 1841 1515 Graecorum
1867 1456 2014 1513 litte-

324 1539 404 1595 ris
431 1539 770 1597 invenimus.
855 1538 944 1595 Ex
978 1558 1047 1596 eo
1074 1538 1255 1615 igitur
1282 1544 1341 1595 et
1368 1537 1645 1614 Lysithoe
1677 1544 1764 1595 est
1792 1537 1841 1593 is
1870 1536 2014 1593 Her-

322 1619 495 1691 culeS,
528 1638 701 1696 quem
735 1618 1149 1677 concertavisse
1191 1637 1318 1675 cum
1365 1617 1638 1693 Apolline
1676 1617 1749 1675 de
1782 1616 2013 1694 tripode

322 1700 665 1776 accepimus.
751 1698 918 1756 Alter
964 1698 1213 1756 traditur
1259 1698 1397 1755 Nilo
1446 1704 1615 1755 natus
1662 1697 2009 1775 AegyptiuS,

323 1799 496 1857 quem
530 1780 696 1837 aiunt
721 1778 1008 1856 Phrygias
1035 1779 1255 1837 litteras
1284 1779 1699 1855 conscripsisse.
1784 1778 2012 1836 Tertius

323 1867 410 1917 est
439 1879 508 1919 ex
536 1859 726 1918 Idaeis
753 1859 988 1936 DigitiS,
1013 1858 1109 1916 cui
1128 1858 1363 1916 inferias
1391 1859 1676 1916 adferunt.
1762 1857 2011 1927 Quartus

324 1938 480 1997 I'ovis
507 1946 595 1997 est
622 1947 684 1998 et
708 1939 986 2010 Asteriae,
1013 1937 1268 1997 Latonae
1297 1939 1521 2009 sororis,
1548 1939 1648 2016 qui
1675 1937 1812 2015 Tyri
1835 1938 2013 1996 maxi-

321 2037 424 2100 me=
445 2019 669 2090 colitur,
694 2019 856 2078 cuius
882 2018 1302 2096 Karthaginem
1331 2017 1508 2076 filiam
1537 2018 1749 2076 ferunt.
1835 2017 2012 2087 Quin-

321 2106 417 2156 tus
445 2099 506 2155 in
536 2098 719 2169 India,
745 2100 844 2177 qui
871 2098 1048 2156 Belus
1081 2099 1307 2158 dicitur.
1392 2098 1601 2156 Sextus
1634 2098 1745 2169 hic,
1777 2118 1846 2156 ex
1878 2097 2012 2156 Alc·

321 2197 494 2237 mena
515 2196 685 2256 quem
710 2179 972 2256 Iuppiter
986 2178 1206 2256 genuit,
1228 2179 1329 2236 sed
1349 2179 1553 2236 tertius
1576 2177 1851 2256 Iuppiter,
1874 2198 2012 2256 quo-

319 2258 495 2328 niam,
521 2268 586 2317 ut
615 2260 728 2316 iam
757 2259 996 2331 doceb0,
1022 2259 1213 2337 plures
1243 2259 1408 2317 Ioves
1436 2259 1609 2317 etiam
1640 2258 1980 2336 accepimus,

400 2339 599 2397 XVII.
685 2344 781 2398 43.
840 2339 1084 2408 Quando
1142 2339 1294 2399 enim
1352 2358 1445 2397 me
1492 2339 1553 2395 in
1608 2338 1762 2397 hunc
1817 2339 2011 2398 locum

318 2419 556 2478 deducit
601 2420 803 2490 oratic,
835 2419 1056 2478 docebo
1103 2419 1341 2478 meliora
1373 2438 1467 2477 me
1505 2419 1772 2477 didicisse
1806 2420 1878 2477 de
1920 2440 2011 2477 co—

318 2499 504 2557 lendis
536 2499 627 2557 dis
660 2499 1082 2558 immortalibus
1115 2499 1237 2557 iure
1270 2497 1569 2575 pontificio
1611 2506 1669 2558 et
1700 2518 1861 2556 more
1894 2519 2011 2557 ma-

319 2579 506 2637 iorum
537 2579 942 2658 capedunculis
969 2579 1057 2651 iis,
1083 2598 1225 2656 quas
1253 2579 1447 2636 Numa
1472 2578 1641 2636 nobis
1662 2579 1911 2657 reliquit,
1936 2579 2009 2638 de

319 2660 528 2736 quibus
555 2661 616 2717 in
650 2659 750 2718 illa
774 2659 1004 2718 aureola
1030 2658 1389 2717 oratiuncula
1408 2658 1551 2718 dicit
1573 2659 1813 2729 Laelius,
1836 2678 2008 2736 quam

317 2739 638 2798 rationibus
666 2740 1009 2798 Stoicorum.
1095 2739 1160 2818 Si
1188 2739 1342 2797 enim
1373 2759 1473 2796 vos
1501 2758 1719 2816 sequar,
1743 2738 1837 2796 dic
1868 2739 2010 2816 quid

318 2819 372 2876 ei
405 2820 800 2898 respondeam,
826 2820 926 2898 qui
959 2839 1052 2877 me
1087 2819 1171 2876 sic
1203 2826 1399 2896 roget:
1444 2818 1508 2876 Si
1537 2819 1597 2877 di
1626 2826 1776 2890 sunt,
1802 2821 2009 2876 suntne

317 2899 494 2956 etiam
523 2898 833 2978 Nymphae
861 2900 1034 2958 deae?
1075 2899 1125 2956 si
1154 2898 1479 2976 Nymphae,
1500 2898 1730 2956 Panisci
1752 2898 1927 2956 etiam
1950 2906 2009 2957 et

319 2978 512 3056 Satyri
533 2982 554 3038 2
619 2980 704 3037 Hi
731 2988 923 3038 autem
947 2999 1064 3037 non
1087 2987 1257 3036 sunt:
1281 2998 1373 3036 .ne
1395 2977 1705 3055 Nymphae
1725 2978 1865 3036 deae
1888 2979 2009 3055 qui-

316 3058 450 3116 dem
478 3061 695 3137 igitur?
775 3059 861 3118 At
889 3079 1082 3117 earum
1112 3058 1331 3136 templa
1358 3066 1493 3116 sunt
1519 3057 1749 3135 publice
1781 3065 1917 3115 vota
1950 3065 2007 3116 et

318 3139 597 3198 dedicata.
683 3138 840 3208 Quid
871 3140 1086 3216 igitur?
1142 3159 1214 3198 ne
1256 3139 1431 3196 ceteri
1472 3138 1706 3217 quidem
1748 3157 1884 3216 ergo
1927 3139 2005 3212 di,

319 3217 566 3296 quorum
601 3219 818 3298 templa
850 3228 986 3278 sunt
1018 3219 1319 3280 dedicatass
1398 3218 1529 3296 Age
1556 3237 1763 3296 porro:
1808 3217 2006 3278 Iovem
