2199 3546
237 126 334 178 194
759 122 860 174 DE
890 122 1393 174 DIVINATIONE.

235 228 488 287 Marsum
535 244 828 301 augurem,
862 244 985 283 non
1022 224 1354 303 haruspices
1396 225 1646 298 vicanos,
1680 244 1798 284 non
1844 225 1923 286 de

235 308 386 366 circo
429 305 763 383 astrologos,
787 325 904 363 non
941 305 1154 363 Isiacos
1193 306 1563 378 coniectores,
1594 325 1711 364 non
1748 307 1925 365 inter-

234 395 424 465 pretes
465 387 845 444 somniorum:
923 385 1058 443 Non
1099 386 1255 443 enim
1298 393 1434 444 sunt
1465 386 1509 444 ii
1548 392 1650 444 aut
1682 386 1923 446 seientia

234 474 334 525 aut
359 473 486 541 arte·
508 465 706 531 divini,

299 597 395 647 Sed
418 592 742 659 superstitiosi
766 603 904 642 vates
926 591 1334 655 impudentesque
1355 592 1550 653 harioli,

297 664 408 713 Aut
430 662 610 709 inertes
633 670 720 707 aut
741 659 900 706 insani
925 666 1012 706 aut
1031 658 1210 721 quibus
1232 666 1424 718 egestas
1448 659 1684 721 imperat:

299 726 397 787 Qui
417 726 508 774 sibi
534 724 762 774 semitam
783 738 884 771 non
909 723 1123 785 sapiunt,
1143 723 1284 772 alteri
1306 733 1586 773 monstrant
1608 724 1740 772 viam
1755 742 1770 773 ε

299 792 492 851 Quibus
513 790 712 839 divitias
729 789 1036 852 pollicentur,
1053 790 1119 837 ab
1137 789 1197 836 iis
1220 788 1543 838 drachumam
1563 790 1655 852 ipsi
1672 798 1857 852 petunt.

247 906 250 912 ,
297 856 380 905 De
397 856 474 905 his
494 856 680 905 divitiis
703 854 797 905 sibi
814 853 1062 905 deducant
1079 853 1423 917 drachumam,
1437 854 1651 905 reddant
1668 865 1849 905 cetera.

234 974 430 1053 Atque
458 973 598 1032 haec
627 972 863 1051 quidem
892 970 1131 1044 EnniuS‚
1153 969 1253 1049 qui
1280 966 1478 1049 paucis
1504 978 1637 1030 ante
1665 971 1921 1030 versibus

237 1054 271 1082 ‘⁴
292 1072 413 1112 esse
455 1053 595 1111 deos
611 1051 646 1080 ’'
681 1058 891 1125 censet,
917 1052 954 1080 ‘⁴
972 1050 1074 1109 sed
1115 1070 1215 1109 eos
1255 1069 1372 1109 non
1415 1070 1610 1110 curare
1652 1051 1921 1131 opinatur

236 1133 377 1212 quid
403 1140 538 1211 agat
564 1132 882 1190 humanum
909 1130 1147 1209 genuS.”
1222 1130 1350 1209 Ego
1381 1138 1592 1206 autem,
1615 1132 1713 1210 qui
1741 1139 1802 1190 et
1826 1152 1922 1190 cu-

233 1233 356 1272 rare
397 1212 642 1271 arbitror
673 1220 734 1270 et
765 1231 998 1270 monere
1039 1210 1215 1269 etiam
1258 1230 1323 1269 ac
1360 1212 1545 1269 multa
1576 1211 1918 1290 praedicere,

233 1293 482 1365 levitate,
499 1293 767 1365 vanitate,
787 1293 1008 1349 malitia
1034 1292 1261 1349 exclusa
1282 1291 1695 1350 divinationem
1716 1292 1917 1370 probo·

235 1373 396 1445 Quae
437 1393 568 1432 eum
611 1373 850 1431 dixisset
890 1371 1174 1442 Quintus:
1218 1370 1513 1430 Praeclare
1554 1378 1623 1430 tu
1664 1372 1922 1451 quidem,

235 1452 489 1535 inquam,
508 1461 742 1534 paratus
761 1498 775 1513 .
802 1497 815 1512 .
841 1496 855 1511 .

667 1561 925 1644 [Desunt
941 1584 1139 1643 pauca
1166 1562 1494 1645 quaedam]
