2199 3546
621 154 760 206 Lm.
788 153 1095 216 111.,oA1’.
1124 149 1382 219 X.-x11.‚
1412 153 1441 214 §
1469 157 1651 206 2a31.
1890 159 1987 208 117

296 257 482 314 maior
513 263 616 328 est,
641 276 710 315 eo
744 257 938 314 minus
971 256 1169 314 divina
1199 251 1421 315 rat-ione
1453 255 1576 314 fieri
1604 257 1989 316 existimanda

296 343 398 394 est.
1654 361 1657 368 ·

378 416 514 474 XII.
601 421 694 473 29.
741 415 847 473 Illa
890 422 1102 488 autem,
1135 435 1281 494 quae
1314 415 1635 474 Carneades
1668 416 1983 489 adferebat,

297 517 468 574 quem
498 497 571 554 ad
599 497 838 554 modum
868 496 1221 554 dissolvitis?
1301 495 1364 553 Si
1393 497 1613 553 nullum
1648 515 1855 574 corpus
1881 498 1986 555 im-

294 576 536 639 mortale
570 577 662 648 sit,
699 575 920 634 nullum
963 591 1086 633 esse
1127 595 1335 652 corpus
1376 577 1822 654 sempiternum:
1852 597 1987 647 cor·-

293 676 404 734 pus
453 663 646 714 autem
690 655 1016 714 immortale
1060 656 1281 712 nullum
1330 675 1468 726 esse,
1504 676 1577 714 ne
1621 656 1986 715 individuum

295 738 530 814 quidem
591 755 697 796 nec
759 736 916 814 quod
978 735 1174 793 dirimi
1231 735 1542 794 distrahive
1603 756 1721 793 non
1782 737 1983 813 possit.

294 817 560 894 Cumque
617 835 788 874 omne
837 815 1048 873 animal
1097 815 1393 893 patibilem
1448 823 1710 878 naturam
1760 815 1985 888 habeat,

293 898 518 954 nullum
559 903 647 954 est
687 905 886 954 eorum
930 895 1089 975 quod
1128 896 1369 973 effugiat
1413 896 1734 973 accipiendi
1766 897 1988 974 a'liquid

294 978 663 1048 extrinsecae,
695 977 758 1034 id
792 983 894 1048 est,
927 977 1088 1055 quasi
1119 975 1341 1033 ferendi
1378 983 1437 1034 et
1463 976 1722 1054 patiendi
1750 978 1990 1034 necessi·

293 1065 492 1127 tatem,
519 1063 592 1129 et,
619 1057 667 1114 si
695 1076 868 1114 omne
897 1056 1107 1114 animal
1137 1056 1249 1114 tale
1284 1065 1386 1128 est,
1411 1056 1735 1114 immortale
1762 1057 1986 1115 nullum

292 1145 394 1195 est.
481 1137 637 1214 Ergo
681 1137 901 1208 itidem,
933 1137 988 1193 si·
1016 1155 1189 1194 omne
1233 1137 1445 1194 animal
1479 1136 1654 1194 secari
1693 1157 1757 1194 ac
1800 1137 1985 1196 dividi

292 1223 501 1294 potest,
533 1216 753 1274 nullum
789 1224 876 1274 est
909 1235 1108 1274 corum
1143 1215 1525 1287 individuum,
1555 1216 1777 1274 nullum
1811 1224 1987 1276 aeter-

291 1317 447 1355 num.
533 1297 720 1376 Atqui
755 1316 926 1356 omne
961 1295 1173 1354 animal
1208 1297 1280 1352 ad
1316 1296 1705 1374 accipiendam
1741 1297 1856 1354 vim
1894 1317 1986 1354 ex-

291 1385 514 1435 ternam
571 1384 630 1435 et
677 1377 976 1435 ferendam
1025 1383 1288 1454 paratum
1342 1382 1461 1433 est:
1518 1376 1761 1434 mortale
1807 1378 1987 1454 igitur

292 1476 464 1517 omne
507 1456 718 1515 animal
752 1464 812 1515 et
845 1456 1179 1518 dissolubile
1220 1463 1279 1513 ct
1313 1456 1613 1513 dividuum
1649 1457 1726 1514 sit
1758 1475 1987 1515 necesse

289 1545 393 1595 est.
482 1543 575 1595 30.
621 1538 708 1596 Ut
742 1537 915 1608 enim,
947 1538 996 1594 si
1031 1537 1221 1594 omnis
1266 1555 1393 1593 cera
1432 1536 1860 1594 commutabilis
1902 1557 1987 1594 es·-

289 1625 393 1689 set,
425 1617 572 1675 nihil
607 1624 754 1675 esset
787 1637 1032 1689 cereum,
1059 1616 1216 1694 quod
1248 1617 1590 1674 commutari
1623 1635 1741 1674 non
1770 1624 1982 1694 posset,

291 1698 429 1756 item
465 1697 612 1755 nihil
640 1705 992 1776 argenteum,
1016 1695 1159 1754 nihil
1190 1715 1448 1766 aeneum,
1479 1697 1526 1752 si
1560 1696 2011 1754 commutabilis-2
2082 1691 2089 1698 ’

289 1786 438 1837 esset
469 1787 676 1837 natura
709 1778 931 1856 argenti
961 1785 1019 1835 et
1048 1778 1223 1835 aeris:
1273 1776 1537 1834 similiter
1568 1778 1763 1854 igitur,
1789 1778 1837 1834 si
1866 1797 1986 1834 om-

289 1860 402 1930 nia,
436 1878 580 1935 quae
622 1865 773 1931 sunt,
805 1878 838 1915 e
871 1858 1082 1937 quibus
1126 1864 1332 1915 cunct-a
1373 1863 1655 1927 constant,
1685 1856 1986 1915 mutabilia

291 1947 440 2011 sunt,
472 1939 693 1997 nullum
729 1958 937 2015 corpus
971 1957 1092 1996 esse
1128 1943 1323 2015 potest
1354 1956 1473 1993 non
1508 1935 1818 1994 mutabile:
1862 1956 1985 1995 mu-

289 2019 488 2077 tabilia
518 2027 712 2078 autem
743 2025 879 2075 sunt
906 2017 1019 2090 illa,
1045 2038 1115 2075 ex
1148 2016 1356 2094 quibus
1385 2016 1582 2073 omnia
1608 2022 1891 2088 constant,
1914 2025 1984 2076 ut

290 2100 454 2157 vobis
485 2100 741 2157 videtur:
787 2118 958 2156 omne
980 2098 1161 2175 igitur
1189 2116 1397 2174 corpus
1418 2094 1693 2153 mutabile
1722 2104 1821 2155 est.
1897 2097 1984 2156 At

289 2179 339 2237 si
380 2187 529 2238 esset
568 2198 776 2257 corpus
817 2178 1053 2258 aliquod
1085 2176 1429 2249 immortale,
1460 2195 1577 2233 non
1621 2184 1769 2235 esset
1810 2196 1985 2236 omne

289 2258 599 2317 mutabile:
643 2260 727 2317 ita
767 2258 1011 2317 efficitur
1041 2264 1110 2315 ut
1144 2276 1314 2316 omne
1356 2276 1564 2333 corpus
1604 2257 1845 2316 mortale
1887 2259 1977 2319 sit.

288 2339 520 2397 Etenim
556 2359 728 2397 omne
763 2358 970 2417 corpus
1003 2342 1103 2397 aut
1136 2356 1285 2415 aqua
1318 2343 1418 2395 aut
1446 2344 1546 2394 aer
1573 2344 1673 2395 aut
1700 2338 1852 2415 ignis
1880 2346 1981 2397 aut

287 2424 439 2477 terra
479 2426 566 2477 est
607 2426 707 2477 aut
739 2419 819 2492 id,
851 2418 1008 2498 quod
1041 2425 1129 2477 est
1171 2424 1504 2475 concretum
1546 2437 1616 2475 ex
1649 2416 1741 2474 his
1774 2426 1875 2475 aut
1908 2438 1978 2476 ex

287 2499 480 2578 aliqua
521 2507 684 2577 parte
731 2518 945 2557 eorum.
1030 2498 1260 2556 Horum
1308 2504 1501 2555 autem
1534 2496 1680 2555 nihil
1716 2504 1803 2555 est
1837 2498 1978 2574 quin

285 2579 547 2637 intereat.
637 2584 729 2637 31.
775 2578 925 2636 Nam
961 2584 1033 2649 et,
1052 2586 1339 2639 termnum
1387 2596 1559 2634 omne
1600 2576 1881 2635 dividitur
1921 2583 1981 2635 et

286 2678 458 2717 umor
500 2660 584 2717 ita
625 2658 818 2717 mollis
861 2648 1061 2731 est,'i1t
1105 2658 1275 2716 facile
1324 2656 1628 2733 comprimi
1670 2656 1979 2734 collidique

286 2740 488 2815 possit,
520 2740 673 2816 ignis
705 2759 840 2797 vero
875 2746 934 2797 et
965 2745 1066 2795 aer
1093 2739 1253 2795 omni
1281 2736 1534 2814 impulsu
1563 2735 1835 2794 facillime
1863 2736 1981 2813 pel-

287 2818 429 2876 litur
468 2827 785 2897 naturaque
840 2818 1047 2876 cedens
1088 2824 1176 2875 e'st
1216 2818 1465 2874 maxime
1508 2822 1567 2874 et
1609 2815 1974 2893 dissipabilis.

287 2897 596 2957 Praeterea
634 2898 830 2956 omnia
869 2897 1008 2956 haec
1049 2902 1176 2955 tum
1218 2897 1525 2967 intereunt,
1556 2914 1689 2953 cum
1722 2896 1781 2951 in
1815 2901 1979 2953 natu-

287 2997 410 3036 ram
440 2978 611 3036 aliam
633 2982 1059 3049 convertuntur,
1081 2976 1239 3054 quod
1258 2976 1343 3047 fit,
1364 2993 1496 3032 cum
1517 2982 1670 3031 terra
1686 2974 1747 3030 in
1771 2991 1979 3049 aquam

289 3077 350 3116 se
390 3059 565 3117 vertit
597 3064 655 3115 et
689 3076 820 3114 cum
856 3076 925 3113 ex
959 3075 1107 3133 aqua
1139 3056 1321 3113 oritur
1355 3060 1455 3111 aer
1488 3061 1545 3110 et
1578 3070 1711 3108 cum
1744 3071 1813 3109 ex
1846 3057 1979 3109 aere

289 3138 488 3196 aether
548 3156 796 3215 cumque
857 3136 1056 3193 eadem
1111 3135 1365 3193 vicissim
1421 3138 1573 3189 retro
1635 3136 1975 3187 commeant.

291 3216 466 3286 Quod
482 3216 492 3229 '
508 3219 556 3275 si
597 3238 666 3275 ea
708 3218 1016 3287 intereunt,
1046 3234 1116 3271 cx
1152 3214 1363 3291 quibus
1396 3215 1621 3267 constat
1653 3227 1823 3266 omne
1864 3208 1981 3265 ani·

459 3298 520 3342 10
1398 3302 1401 3305 ’
