2199 3546
180 134 279 182 200
701 132 800 182 DE
838 131 1341 184 DIVINATIONE.

182 251 328 309 opus
363 239 484 291 est:
527 239 594 291 ut
631 233 783 292 enim
823 233 949 310 ipsa
984 232 1357 311 philosophia
1392 239 1451 291 et
1482 232 1667 291 multa
1698 232 1871 291 verba

181 312 543 383 Graecorum,
585 314 664 370 sic
713 314 917 371 sorites
961 314 1099 371 satis
1140 313 1347 371 Latino
1398 332 1658 371 sermone
1700 314 1871 372 tritus

181 400 298 451 est:
345 412 480 469 ergo
515 393 654 451 haec
689 412 917 472 quoque
955 393 1239 451 dialectici
1273 393 1483 465 dicent,
1513 412 1633 450 non
1667 393 1867 452 divini.

181 472 376 541 Quid?
424 492 555 531 cum
600 474 888 551 quaeritur
929 474 1029 553 qui
1070 473 1148 531 sit
1187 474 1445 550 optimus
1485 473 1568 530 rei
1608 473 1871 550 publicae

181 560 379 623 status,
405 572 550 629 quae
581 552 752 631 legeS,
778 554 878 631 qui
909 573 1099 611 mores
1140 560 1241 611 aut
1274 553 1443 611 utiles
1482 561 1585 611 aut
1617 554 1867 625 inutileS,

179 631 580 710 haruspicesne
635 653 704 691 ex
759 632 989 691 Etruria
1041 640 1397 691 arcessentur
1451 652 1523 691 an
1580 634 1871 710 principes

181 719 435 770 statuent
476 720 536 771 et
567 712 775 771 delecti
809 713 914 771 viri
948 713 1122 790 periti
1162 732 1351 771 rerum
1396 713 1689 771 civilium?
1776 720 1865 770 12.

181 791 352 860 Quod
385 793 432 849 si
472 812 577 851 nec
618 812 813 850 earum
853 812 1059 865 rerum,
1093 812 1239 870 quae
1280 792 1568 851 subiectae
1610 793 1871 851 sensibus

181 879 332 947 sunt,
357 872 472 929 ulla
503 873 783 931 divinatio
812 879 915 944 est,
941 892 1046 930 nec
1079 892 1293 944 earum,
1318 892 1465 951 quae
1492 873 1711 931 artibus
1739 892 1872 931 con-

179 950 452 1024 tinentur,
491 971 596 1011 nec
637 972 849 1023 earum,
891 972 1035 1030 quae
1075 953 1139 1010 in
1180 952 1551 1031 philosophia
1589 953 1871 1011 disserun-

179 1039 290 1102 tur,
325 1050 430 1089 nec
471 1050 682 1104 earum,
728 1034 960 1110 quaein
1001 1051 1063 1090 re
1104 1032 1336 1110 publica
1375 1042 1686 1105 versantur,
1734 1052 1871 1111 qua-

178 1130 308 1169 rum
356 1130 545 1169 rerum
595 1113 672 1169 sit
717 1111 861 1168 nihil
910 1131 1147 1189 prorsus
1191 1112 1482 1191 intellego,
1568 1113 1719 1172 Nam
1768 1121 1871 1171 aut

180 1190 440 1249 omnium
474 1190 646 1249 debet
679 1210 800 1250 esse
833 1200 936 1250 aut
967 1192 1159 1270 aliqua
1191 1193 1245 1250 ei
1278 1193 1519 1251 materia
1550 1193 1743 1252 danda
1782 1201 1871 1251 est

177 1271 241 1329 in
287 1290 400 1349 qua
432 1272 640 1330 versari
684 1272 884 1349 possit.
968 1272 1085 1330 Sed
1134 1292 1239 1331 nec
1285 1272 1546 1331 omnium
1588 1273 1869 1331 divinatio

180 1358 282 1422 est,
315 1359 379 1409 ut
412 1352 560 1409 ratio
594 1351 809 1424 docuit,
839 1370 945 1411 nec
972 1352 1133 1409 locus
1174 1372 1279 1410 nec
1312 1354 1551 1411 materia
1581 1353 1871 1412 invenitur

179 1431 272 1488 cui
314 1430 728 1490 divinationem
769 1431 1073 1510 praeficere
1106 1432 1409 1508 possimus
1495 1431 1671 1491 Vide·
1692 1433 1871 1509 igitur

179 1530 252 1569 ne
285 1510 443 1569 nulla
469 1512 546 1569 sit
572 1512 870 1570 divinatio,
956 1510 1030 1571 V.
1073 1512 1183 1569 Est
1212 1513 1447 1589 quidem
1474 1511 1725 1570 Graecus
1755 1512 1872 1570 vul-

179 1592 331 1667 garis
363 1591 422 1648 in
454 1591 600 1650 hanc
629 1591 974 1649 sententiam
1002 1610 1229 1650 versus:

310 1716 450 1764 Bene
472 1715 556 1778 qui
578 1714 803 1777 coniciet,
824 1724 988 1763 vatem
1011 1714 1145 1763 hunc
1169 1714 1433 1779 perhibebo
1454 1716 1714 1780 optimum.

181 1834 338 1892 Num
367 1833 546 1911 igitur
572 1839 672 1890 aut
702 1852 846 1911 quae
874 1839 1186 1912 tempestas
1214 1833 1545 1910 impendeat
1572 1840 1731 1891 vates
1757 1852 1873 1891 me·

180 1914 291 1972 lius
340 1913 584 1972 coniciet
629 1933 801 1991 quam
841 1913 1193 1990 gubernator
1236 1921 1336 1971 aut
1379 1913 1568 1971 morbi
1608 1920 1871 1971 naturam

181 1993 404 2052 acutius
455 2013 623 2072 quam
674 1994 932 2052 medicus
984 2001 1085 2051 aut
1131 1992 1269 2050 belli
1316 1992 1872 2069 administrationem

181 2073 523 2152 prudentius
552 2093 723 2150 quam
754 2074 1067 2150 imperator
1093 2073 1422 2130 coniectura
1448 2073 1829 2151 adsequetur?

266 2160 357 2211 13.
402 2153 519 2211 Sed
561 2153 955 2224 animadverti,
997 2151 1228 2223 Quinte,
1270 2159 1328 2210 te
1372 2159 1537 2210 caute
1582 2160 1639 2210 ct
1685 2152 1756 2210 ab
1802 2153 1873 2210 iis

183 2234 542 2304 coniecturis,
575 2251 720 2308 quae
755 2231 1030 2290 haberent
1063 2239 1245 2290 artem
1280 2239 1453 2309 atque
1486 2232 1870 2309 prudentiam,

183 2321 244 2372 et
277 2313 348 2372 ab
389 2313 462 2370 iis
494 2311 680 2383 rebuS,
713 2330 856 2389 quae
899 2311 1159 2369 sensibus
1200 2317 1300 2369 aut
1333 2311 1588 2370 artificiis
1620 2313 1874 2390 percipe-

181 2401 395 2464 rentur,
425 2391 706 2450 abducere
747 2391 1182 2463 divinationem,
1214 2410 1453 2469 eamque
1494 2392 1578 2449 ita
1618 2391 1871 2464 definire,

184 2472 598 2531 divinationem
654 2491 776 2529 esse
832 2490 1028 2529 earum
1075 2491 1265 2529 rerum
1316 2472 1766 2549 praedictionem
1814 2479 1875 2529 et

184 2552 659 2631 praesensionem,
692 2570 836 2629 quae
879 2558 1068 2610 essent
1102 2551 1392 2610 fortuitae.
1478 2551 1739 2610 Primum
1782 2571 1876 2610 eo-

184 2634 317 2691 dem
351 2631 669 2690 revolveriS.
756 2630 906 2689 Nam
949 2638 1008 2689 et
1039 2631 1251 2689 medici
1284 2639 1343 2689 et
1376 2631 1774 2708 gubernatoris
1816 2638 1875 2690 et

185 2712 547 2791 imperatoris
575 2711 898 2787 praesensio
928 2717 1015 2770 est
1042 2731 1229 2769 rerum
1261 2711 1651 2769 fortuitarum.
1716 2712 1873 2769 Num

183 2793 364 2870 igitur
410 2798 511 2850 aut
553 2791 835 2869 haruspex
883 2798 983 2849 aut
1025 2810 1209 2868 augur
1250 2798 1352 2848 aut
1394 2799 1553 2848 vates
1599 2792 1727 2868 quis
1774 2797 1877 2848 aut

186 2872 478 2930 somnians
515 2871 722 2929 melius
766 2871 1073 2930 coniecerit
1116 2877 1217 2929 aut
1256 2889 1288 2928 e
1329 2870 1534 2929 morbo
1576 2891 1875 2930 evasurum

187 2958 485 3029 aegrotum
519 2957 620 3008 aut
648 2970 679 3008 e
705 2950 960 3029 periculo
993 2970 1197 3007 navem
1232 2957 1333 3008 aut
1364 2971 1435 3008 cx
1466 2950 1691 3008 insidiis
1724 2970 1877 3008 exer-

188 3032 370 3090 citum
399 3050 571 3109 quam
603 3031 880 3102 medicUS,
907 3049 1079 3107 quam
1108 3029 1472 3106 gubernator,
1498 3050 1671 3108 quam
1699 3031 1877 3108 impe-

187 3112 378 3168 rator?
463 3116 553 3169 14.
597 3110 783 3188 Atqui
811 3129 884 3167 ne
913 3110 1011 3167 illa
1039 3110 1275 3187 quidem
1304 3110 1615 3168 divinantis
1644 3130 1765 3168 esse
1794 3111 1877 3169 di-

189 3189 373 3262 cebas,
419 3196 622 3249 ventos
676 3196 777 3248 aut
822 3189 1035 3248 imbres
1083 3189 1482 3267 impendentes
1531 3191 1875 3268 quibusdam
