2199 3546
491 141 632 191 Lm.
666 141 762 201 11..
790 120 1637 203 CAP.XXXI.-XXX111.,§60
1678 145 1754 191 τι.
1874 145 1967 192 221

278 241 636 314 Veientium,
681 242 729 299 si
771 241 927 299 lacus
982 241 1245 298 Albanus
1292 242 1666 300 redundasset
1706 242 1868 319 isque
1908 243 1969 300 in

277 342 434 380 mare
465 321 742 392 fluxisset,
768 321 1013 378 Romam
1050 322 1383 397 perituram,
1406 322 1455 378 si
1482 341 1771 399 repressus
1804 335 1967 393 esset,

275 403 462 460 Veios
483 446 496 460 .
519 446 533 460 .
556 446 570 460 .
589 402 674 459 ita
701 420 850 478 aqua
873 401 1104 458 Albana
1125 400 1387 471 deducta,
1412 401 1484 458 ad
1506 402 1815 459 utilitatem
1847 405 1969 478 agri

276 481 610 553 suburbani,
633 500 752 538 non
781 480 856 538 ad
876 501 1062 538 arcem
1095 479 1407 557 urbemque
1435 481 1808 539 retinendam.
1885 482 1970 540 At

275 562 451 640 paulo
484 567 622 640 post
653 561 852 619 audita
891 580 1002 618 vox
1045 568 1134 618 est
1173 561 1464 618 monentis
1506 568 1571 617 ut
1603 561 1971 637 providerent

275 661 350 700 ne
394 661 430 699 a
473 641 654 699 Gallis
686 641 876 698 Roma
915 647 1244 718 caperetur:
1302 660 1371 697 ex
1415 660 1483 698 eo
1524 640 1641 696 Aio
1684 639 1968 716 Loquenti

276 741 434 780 aram
468 721 530 778 in
564 741 716 779 nova
755 721 848 778 via
889 727 1293 778 consecratam.
1380 719 1534 788 Quid
1568 720 1743 796 ergo?
1824 720 1969 777 Aius

274 803 387 860 iste
420 801 705 879 LoquenS,
735 820 870 859 cum
903 819 1035 858 eum
1067 819 1241 858 nemo
1274 807 1457 871 norat,
1489 807 1547 857 et
1580 799 1768 857 aiebat
1800 808 1859 857 et
1892 799 1970 858 lo-

277 881 564 960 quebatur
603 888 663 938 et
694 901 764 940 ex
801 899 870 939 eo
905 899 1118 936 nomen
1152 880 1405 936 invenit:
1454 887 1657 957 postea
1682 899 1869 956 quam
1912 887 1971 938 et

277 961 476 1020 sedem
510 967 570 1019 et
601 979 756 1019 aram
791 967 850 1018 et
882 979 1092 1016 nomen
1126 959 1361 1030 invenit,
1384 958 1717 1017 obmutuit?
1796 958 1968 1028 Quod

277 1042 436 1100 idem
471 1040 587 1098 dici
620 1041 692 1098 de
721 1039 956 1097 Moneta
983 1046 1212 1116 potest:
1256 1059 1291 1095 a
1324 1058 1437 1116 qua
1463 1046 1860 1117 praeterquam
1896 1040 1969 1098 de

278 1141 380 1179 sue
409 1121 581 1198 plena
608 1139 646 1256 <13
689 1120 747 1178 ‘d
775 1138 1051 1196 umquam
1079 1119 1289 1176 moniti
1318 1120 1551 1177 sumus?

361 1199 608 1258 XXXII
641 1244 656 1258 .
735 1199 827 1257 70.
865 1199 1018 1257 Satis
1046 1199 1230 1256 multa
1258 1199 1329 1256 de
1359 1199 1614 1257 ostentis.
1691 1199 1971 1277 Auspicia

275 1287 500 1338 restant
533 1285 592 1337 et
624 1286 804 1337 sortes
837 1298 953 1350 eae,
985 1298 1131 1355 quae
1164 1279 1469 1350 ducuntur,
1500 1298 1618 1336 non
1651 1279 1797 1349 illae,
1824 1298 1969 1356 quae

277 1359 689 1418 vaticinatione
721 1358 1062 1429 funduntur,
1089 1377 1234 1434 quae
1268 1358 1455 1415 oracla
1486 1359 1673 1415 verius
1704 1358 1965 1429 dicimuS,

278 1441 353 1498 de
384 1439 592 1518 quibus
620 1446 747 1497 tum
775 1439 1048 1509 dicemuS,
1065 1457 1196 1495 cum
1228 1438 1302 1495 ad
1325 1437 1637 1494 naturalem
1668 1437 1970 1494 divinatio-

275 1540 416 1578 nem
457 1519 796 1577 venerimus,
881 1518 1083 1575 Restat
1125 1517 1300 1575 etiam
1338 1517 1409 1574 de
1452 1516 1768 1574 Chaldaeis,
1854 1516 1969 1575 Sed

275 1601 534 1678 primum
577 1598 832 1676 auspicia
870 1597 1182 1655 videamus.
1266 1595 1535 1654 Difficilis
1576 1597 1777 1673 auguri
1811 1595 1969 1653 locus

278 1680 355 1738 ad
397 1685 598 1737 contra
637 1677 962 1736 dicendum.
1048 1677 1239 1734 Marso
1281 1677 1539 1747 fortasse,
1572 1677 1672 1734 sed
1705 1676 1966 1734 Romano

277 1759 605 1819 facillimus.
683 1757 816 1816 Non
849 1758 1003 1816 enim
1031 1778 1229 1815 sumus
1257 1757 1299 1814 ii
1322 1776 1428 1814 nos
1455 1776 1711 1834 augures,
1738 1757 1834 1833 qui
1858 1757 1970 1814 avi-

278 1861 381 1899 um
407 1840 832 1917 reliquorumve
861 1838 1159 1915 signorum
1190 1837 1583 1895 observatione
1604 1836 1801 1893 futura
1822 1836 1971 1893 dica-

277 1941 426 1979 mus.
510 1920 589 1978 Et
621 1926 816 1977 tamen
851 1918 1020 1975 credo
1054 1918 1387 1986 Romulum,
1420 1917 1517 1993 qui
1550 1915 1751 1973 urbem
1785 1917 1971 1993 auspi-

279 2009 410 2059 cato
445 2000 724 2070 condidit,
755 1997 1022 2057 habuisse
1056 1997 1392 2073 opinionem
1427 2015 1548 2053 esse
1582 1996 1641 2051 in
1669 1994 1971 2071 providen-

279 2081 372 2139 dis
403 2081 573 2139 rebus
606 2077 927 2157 augurandi
957 2075 1561 2135 scientiam—errabat
1588 2075 1743 2132 enim
1770 2075 1971 2132 multis

279 2161 342 2218 in
376 2160 547 2219 rebus
579 2160 1147 2237 antiquitas—quam
1182 2156 1271 2213 vel
1308 2175 1413 2213 usu
1441 2155 1553 2212 iam
1591 2155 1680 2212 vel
1708 2155 1971 2212 doctrina

279 2240 371 2298 vel
399 2247 682 2298 vetustate
702 2240 1069 2297 immutatam
1099 2236 1375 2294 videmus.
1452 2234 1755 2293 Retinetur
1775 2242 1968 2293 autem

281 2326 342 2378 et
369 2320 444 2377 ad
465 2320 798 2396 opinionem
824 2318 983 2395 vulgi
1013 2325 1072 2375 et
1099 2316 1175 2374 ad
1195 2334 1433 2393 magnas
1459 2315 1739 2373 utilitates
1765 2316 1846 2372 rei
1868 2334 1971 2393 pu-

279 2398 464 2457 blicae
503 2418 648 2471 mOS,
678 2399 897 2476 religio,
929 2397 1252 2475 disciplina,
1282 2396 1372 2452 ius
1413 2415 1712 2472 augurum,
1743 2394 1970 2471 collegii

281 2479 607 2537 auctoritas.
695 2478 786 2536 71.
832 2477 954 2536 Nec
988 2496 1123 2535 vero
1158 2495 1277 2533 non
1306 2476 1466 2532 omni
1494 2475 1776 2552 supplicio
1806 2474 1971 2551 digni

281 2558 349 2616 P.
382 2557 657 2616 Claudius
688 2557 751 2615 L.
788 2557 983 2615 Iunius
1025 2556 1303 2626 consuleS,
1338 2555 1437 2631 qui
1479 2563 1679 2612 contra
1718 2554 1973 2630 auspicia

279 2637 640 2717 navigarunt.
724 2637 1053 2695 Parendum
1096 2636 1250 2693 enim
1293 2635 1409 2691 fuit
1440 2634 1705 2711 religioni
1740 2651 1843 2690 nec
1876 2651 1973 2709 pa-

279 2718 428 2775 trius
459 2736 590 2774 mos
621 2724 742 2774 tam
776 2716 1192 2773 contumaciter
1223 2713 1624 2791 repudiandus,
1710 2712 1840 2769 Iure
1867 2712 1973 2788 igi-

279 2804 379 2855 tur
410 2796 554 2855 alter
585 2795 787 2874 populi
818 2796 1034 2853 iudicio
1078 2795 1382 2852 damnatus
1416 2801 1518 2863 est,
1550 2794 1692 2851 alter
1724 2798 1971 2848 mortem

282 2877 394 2934 sibi
422 2877 548 2954 ipse
579 2875 872 2933 conscivit.
959 2874 1275 2931 Flaminius
1306 2892 1424 2929 non
1458 2873 1651 2949 paruit
1683 2870 1967 2947 auspiciis

281 2956 487 3034 Itaque
527 2955 701 3032 periit
741 2973 870 3011 cum
911 2954 1183 3011 exercitu.
1265 2953 1352 3010 At
1385 2971 1536 3008 anno
1568 2958 1705 3028 post
1737 2950 1972 3007 Paullus

281 3036 491 3113 paruit.
578 3034 731 3091 Num
762 3034 954 3091 minus
981 3032 1191 3090 cecidit
1218 3031 1278 3088 in
1307 3030 1594 3087 Cannensi
1616 3048 1813 3107 pugna
1840 3048 1970 3085 cum

282 3115 574 3173 exercitu?
653 3114 902 3184 Etenim,
927 3119 993 3169 ut
1022 3113 1137 3169 sint
1171 3109 1437 3187 auspicia,
1464 3128 1608 3185 quae
1635 3109 1793 3167 nulla
1820 3118 1969 3180 sunt,

280 3193 424 3252 haec
459 3201 628 3319 geme,
655 3191 863 3268 quibus
896 3192 1128 3260 utimur,
1154 3189 1272 3245 sive
1306 3187 1562 3264 tripudio
1597 3189 1715 3245 sive
1748 3188 1821 3245 de
1852 3206 1971 3245 cae⁶

433 3276 448 3319 l
