2199 3546
537 147 674 195 ΜΒ.
695 148 759 208 1.,
781 148 940 198 cAP.
961 148 1395 212 §nn-xum,
1418 148 1449 209 ς
1469 150 1683 201 94-100.
1861 152 1955 203 181

268 268 338 306 eo
367 246 748 306 animadversi
781 247 958 325 globi.
1041 248 1253 307 Delata
1281 250 1457 310 etiam
1486 250 1561 308 ad
1594 254 1855 309 senatum
1884 252 1961 310 la‘-

267 327 370 385 bes
413 328 538 405 agri
581 326 948 399 Privernatis,
979 348 1111 385 eum
1156 329 1232 386 ad
1271 328 1557 388 infinitam
1592 330 1958 390 altitudinem

267 418 420 465 terra
475 407 789 465 desedisset
841 408 1171 485 Apuliaque
1232 409 1500 468 maximis
1556 416 1737 469 terrae
1788 412 1961 471 moti·-

268 487 376 548 bus
416 494 794 565 conquassata
834 494 1000 559 esset,
1041 488 1251 565 quibus
1291 490 1577 566 portentis
1608 508 1819 567 magna
1856 510 1961 569 po·

266 567 406 644 pulo
435 566 702 625 Romano
729 566 880 625 bella
904 568 1371 647 perniciosaeque
1399 569 1711 628 seditiones
1743 569 1961 629 denun-

269 645 574 705 tiabantur.
653 646 838 725 Inque
865 646 957 704 his
991 648 1262 707 omnibus
1289 668 1563 727 responsa
1589 650 1956 726 haruspicum

267 746 402 785 cum
471 725 725 804 Sibyllae
780 726 1035 786 versibus
1090 728 1500 805 congruebant.
1615 734 1707 787 98.
1738 729 1959 799 Quid?

267 825 402 866 cum
435 806 637 865 Cumis
665 806 882 883 Apollo
911 807 1157 880 sudavit,
1186 808 1421 885 Capuae
1443 808 1738 867 Victoria?
1780 810 1959 888 quid?

265 894 431 945 ortus
475 885 801 964 androgyni
844 906 1038 945 nonne
1079 888 1258 946 fatale
1300 888 1591 965 quoddam
1633 896 1958 948 monstrum

267 966 423 1027 fuit?
478 966 656 1045 quidss
705 985 836 1025 cum
885 966 1095 1025 fluvius
1142 968 1386 1027 Atratus
1434 969 1711 1046 sanguine
1754 968 1959 1028 fiuxit?

270 1046 448 1124 quid?
467 1065 624 1104 cum
653 1065 821 1124 saepe
848 1046 1127 1124 lapidum,
1151 1048 1447 1125 sanguinis
1475 1068 1590 1107 non
1623 1068 1956 1126 numquam,

265 1133 450 1186 terrae
498 1126 808 1197 interdum,
849 1127 1143 1204 quondam
1194 1129 1368 1185 etiam
1420 1127 1583 1186 lactis
1632 1128 1817 1187 imber
1864 1129 1959 1187 de-

268 1205 474 1265 fluxit?
521 1205 701 1284 quid?
748 1226 881 1264 curn
925 1207 987 1263 in
1031 1206 1324 1285 Capitolio
1369 1208 1519 1266 ictus
1563 1208 1885 1267 Centaurus
1926 1228 1959 1267 e

267 1286 425 1347 caelo
467 1293 570 1357 est,
615 1290 676 1343 in
718 1287 1014 1345 Aventino
1058 1294 1261 1364 portae
1304 1296 1365 1347 et
1408 1288 1687 1360 homines,
1722 1288 1958 1347 Tusculi

268 1365 438 1425 aedes
506 1366 762 1423 Castoris
831 1372 893 1424 et
958 1366 1215 1425 Pollucis
1275 1367 1609 1446 Romaeque
1677 1367 1959 1427 Pietatis?

270 1445 481 1504 Nonne
521 1453 581 1503 et
622 1445 952 1523 haruspices
997 1466 1064 1504 ea
1104 1446 1539 1524 responderunt,
1572 1467 1717 1525 quae
1762 1467 1959 1507 evene·-

268 1532 420 1598 runt,
451 1532 512 1584 et
546 1525 616 1601 in*
641 1524 894 1603 Sibyllae
931 1526 1092 1584 libris
1134 1522 1366 1585 eaedem
1408 1546 1468 1585 re
1512 1534 1665 1606 ertae
1706 1528 1959 1605 prandic-

265 1605 458 1664 tiones
486 1606 658 1665 sunt?
729 1605 946 1666 XLIV.
1021 1612 1116 1665 99.
1146 1606 1428 1665 Caeciliae
1545 1606 1697 1665 filiae
1730 1608 1957 1665 somnio

265 1686 445 1745 modo
483 1684 730 1743 Marsico
771 1685 925 1743 bello
965 1686 1250 1764 templum
1296 1694 1384 1744 est
1426 1706 1461 1743 a
1504 1693 1705 1745 senatu
1748 1686 1957 1745 Iunoni

269 1766 532 1844 Sospitae
580 1766 929 1825 restitutum.
1013 1765 1186 1836 Quod
1244 1766 1478 1845 quidem
1528 1767 1815 1828 somnium
1872 1766 1958 1826 Sia

265 1865 446 1906 senna
477 1853 614 1905 eum
645 1846 1056 1923 disputavisset
1085 1846 1327 1905 mirifice
1360 1847 1435 1904 ad
1468 1846 1707 1906 verbum
1736 1867 1869 1905 cum
1896 1867 1959 1906 re

267 1928 616 1997 convenisse,
647 1933 774 1985 tum
808 1927 1135 1998 insolenter,
1159 1927 1331 1984 credo
1359 1926 1433 1986 ab
1460 1927 1736 2004 Epicurio
1764 1927 1957 2005 aliquo

267 2007 553 2080 inductuS,
574 2006 837 2083 disputat
862 2007 1103 2066 somniis
1124 2007 1280 2064 credi
1306 2026 1423 2064 non
1454 2013 1733 2084 oportere.
1792 2006 1957 2065 Idem

266 2091 729 2145 contra'ostent'a
760 2085 908 2146 nihil
941 2085 1201 2164 disputat
1232 2087 1587 2164 exponitque
1620 2086 1789 2145 initio
1822 2086 1957 2146 belli

270 2165 493 2225 Marsici
525 2173 584 2224 et
611 2161 850 2225 deorum
867 2165 1183 2246 *simulacra
1208 2166 1499 2224 sudavisse
1528 2173 1585 2224 et
1620 2167 1953 2244 sanguinem

268 2244 500 2304 fluxisse
532 2253 592 2305 et
633 2245 959 2307 discessisse
992 2246 1213 2305 caelum
1256 2254 1316 2304 et
1360 2266 1430 2304 ex
1472 2247 1699 2305 occulto
1732 2247 1962 2306 auditas

269 2344 392 2384 esse
420 2345 604 2399 voces,
636 2345 780 2404 quae
808 2327 1060 2404 pericula
1092 2327 1229 2386 belli
1256 2327 1604 2398 nuntiarent,
1630 2333 1689 2384 et
1716 2326 1956 2386 Lanuvii

269 2405 502 2484 clipe08‚
527 2406 686 2483 quod
719 2407 1118 2484 haruspicibus
1150 2407 1545 2464 tristissimum
1572 2407 1759 2464 visum
1790 2414 1953 2479 esset,

268 2505 303 2542 a
343 2485 604 2544 muribus
644 2505 765 2544 esse
806 2481 1056 2545 derosos.
1146 2493 1277 2544 100.
1324 2486 1517 2555 Quid?
1563 2487 1719 2564 quod
1761 2487 1821 2544 in
1862 2506 1959 2544 an·

268 2565 494 2624 nalibus
533 2565 811 2624 habemus
853 2565 1088 2625 Veienti
1128 2565 1297 2638 bello,
1322 2585 1455 2642 cum
1497 2567 1653 2624 lacus
1693 2565 1957 2624 Albanus

310 2652 494 2704 taeter
519 2645 758 2703 modum
787 2645 1071 2717 crevisset,
1091 2645 1396 2704 Veientem
1428 2647 1717 2724 quendam
1750 2644 1825 2704 ad
1850 2664 1958 2702 nos

268 2764 274 2768 -
313 2725 565 2783 ominem
605 2724 860 2784 nobilem
893 2725 1221 2802 profugisse
1248 2745 1494 2803 eumque
1528 2725 1740 2803 dixisse
1764 2743 1843 2782 ex
1874 2724 1959 2782 fa·

269 2803 364 2876 tis,
387 2823 533 2882 quae
565 2805 840 2864 Veientes
861 2808 1092 2882 scripta
1133 2805 1425 2882 haberent,
1449 2805 1629 2864 Veios
1670 2804 1799 2881 capi
1838 2822 1955 2860 non

268 2903 457 2962 posse,
487 2886 625 2943 dum
669 2885 826 2943 lacus
857 2885 908 2942 is
941 2884 1301 2956 redundaret,
1332 2893 1407 2956 et,
1438 2884 1489 2942 si
1527 2884 1684 2942 lacus
1717 2883 1958 2941 emissus

263 2963 435 3040 lapsu
463 2972 524 3022 et
550 2984 716 3022 cursu
741 2984 856 3022 suo
879 2963 956 3022 ad
981 2983 1139 3022 mare
1164 2964 1545 3041 profluxisset,
1570 2963 1957 3040 'perniciosum

269 3043 492 3122 populo
525 3044 822 3102 Romano:
869 3049 958 3102 sin
991 3049 1187 3102 autem
1218 3043 1304 3104 ita
1329 3042 1767 3113 esset.eductus,
1790 3048 1857 3099 ut
1884 3040 1959 3100 ad

267 3143 429 3182 mare
457 3125 750 3201 pervenire
771 3141 889 3181 non
918 3130 1131 3200 posset,
1152 3131 1281 3182 tum
1310 3123 1553 3182 salutare
1573 3122 1787 3181 nostris
1812 3122 1956 3198 fore.

271 3205 378 3266 Ex-
398 3223 512 3331 qqo
547 3203 644 3263 illa
684 3202 1038 3266 admirabilis
1071 3201 1459 3266 amaioribu's
1474 3201 1747 3262 ‚Albanae
1778 3207 1959 3280 aquae

478 3303 508 3330 ὅ)
