2199 3546
827 171 982 222 cAP.
1004 169 1284 233 v.-V111.‚
1308 169 1337 230 5
1360 173 1508 220 9-15.
1914 171 2014 220 25⁷

903 270 1181 348 Pugnant
1218 270 1399 348 igitur
1433 270 1573 329 haec
1609 270 1763 328 inter
1801 287 1877 342 se,
1914 269 2015 328 Fa-

327 350 488 408 bium
517 351 736 410 oriente
757 350 1032 409 Canicula
1057 357 1261 410 natum
1289 370 1411 409 esse
1437 357 1497 408 et
1518 349 1759 408 Fabium
1779 348 1840 407 in
1867 349 2015 407 mari

326 432 686 502 moriturum,
737 439 796 489 et
844 430 1119 508 quoniam
1167 437 1386 490 certum
1430 431 1491 488 in
1536 429 1715 488 Fabio
1758 429 2012 507 ponitur,

326 517 530 567 natum
563 530 682 568 esse
716 531 845 568 eum
877 510 1153 568 Canicula
1186 511 1422 582 oriente,
1448 510 1587 568 haec
1617 528 1845 587 quoque
1872 529 2015 587 pug-

327 597 486 663 nant,
526 597 585 647 et
631 609 752 648 csse
794 590 1036 648 Fabium
1077 597 1139 649 et
1177 589 1238 649 in
1287 590 1433 647 mari
1481 608 1603 648 esse
1650 589 2010 647 moriturum.

326 665 488 746 Ergo
522 669 661 727 haec
696 689 926 747 quoque
959 670 1290 728 coniunctio
1332 676 1420 727 est
1452 687 1519 726 ex
1562 668 2015 745 repugnantibus

329 749 364 776 ‘⁴
384 749 461 807 Et
497 756 584 807 est
621 749 831 807 Fabius
863 757 923 808 et
955 750 1014 807 in
1049 750 1195 807 mari
1228 749 1439 806 Fabius
1475 746 1806 819 morietur,”
1837 747 2011 824 quod,

327 836 393 887 ut
440 829 804 906 propositum
853 836 956 901 est,
997 848 1069 886 ne
1114 828 1236 886 fieri
1286 828 1519 906 quidem
1564 834 1774 905 potest.
1857 827 2013 904 Ergo

327 907 470 965 illud
514 907 847 966 “Morietur
878 909 939 965 in
979 909 1126 965 mari
1159 908 1368 966 Fabius
1384 907 1418 936 ’'
1455 927 1523 965 ex
1558 926 1627 965 eo
1660 925 1867 983 genere
1908 912 2011 977 est,

331 987 488 1064 quod
529 986 651 1045 fieri
696 1007 812 1045 non
857 994 1065 1065 potest.
1151 987 1340 1046 Omne
1380 987 1574 1064 igitur,
1607 987 1764 1064 quod
1802 986 2014 1043 falsum

328 1066 540 1124 dicitur
566 1068 626 1124 in
653 1068 870 1139 futuro,
895 1067 958 1126 id
985 1067 1108 1125 fieri
1136 1087 1254 1125 non
1283 1073 1491 1145 potest.
1577 1065 1714 1124 VII.
1803 1071 1893 1124 13.
1929 1065 2016 1123 At

326 1145 454 1219 hoc,
486 1147 826 1225 Chrysippe,
859 1147 1098 1206 minime
1128 1148 1229 1219 vis,
1260 1147 1621 1225 maximeque
1654 1146 1765 1204 tibi
1798 1145 1869 1204 de
1903 1145 2015 1203 hoc

325 1227 453 1304 ipso
481 1247 612 1285 cum
642 1227 904 1286 Diodoro
933 1234 1219 1286 certamen
1248 1235 1351 1286 est.
1424 1227 1527 1285 Ille
1556 1227 1711 1285 enim
1738 1226 1801 1284 id
1829 1226 2013 1284 solum

325 1306 448 1364 fieri
475 1327 644 1384 posse
678 1308 837 1380 dicit,
863 1308 1021 1385 quod
1048 1315 1150 1365 aut
1182 1308 1259 1365 sit
1285 1327 1483 1364 verum
1517 1313 1617 1364 aut
1644 1307 1903 1364 futurum
1941 1305 2016 1362 sit

327 1405 542 1457 verum,
566 1394 641 1457 et,
665 1387 948 1464 quidquid
971 1386 1233 1444 futurum
1264 1387 1357 1455 sit,
1380 1387 1441 1443 id
1470 1386 1613 1442 dicit
1639 1385 1761 1442 fieri
1792 1404 2017 1442 necesse

327 1483 450 1522 esse
498 1471 573 1537 et,
619 1465 903 1542 quidquid
950 1484 1067 1521 non
1119 1465 1195 1522 sit
1241 1464 1523 1533 futurum,
1568 1465 1629 1520 id
1673 1474 1847 1540 negat
1894 1465 2017 1520 fieri

327 1562 511 1620 posse.
595 1543 685 1601 Tu
714 1550 773 1601 et
801 1563 946 1622 quae
974 1562 1091 1600 non
1124 1551 1257 1601 sunt
1284 1543 1482 1601 futura
1508 1562 1675 1620 posse
1703 1543 1826 1600 fieri
1853 1543 2015 1614 dicis,

328 1632 395 1681 ut
420 1624 613 1701 frangi
639 1623 788 1681 hanc
815 1642 1123 1708 gemmam,
1149 1623 1323 1680 ctiam
1352 1622 1401 1680 si
1430 1623 1491 1680 id
1520 1641 1835 1700 numquam
1862 1623 2019 1681 futu-

327 289 446 329 non
489 269 821 330 morietur.”

327 1722 457 1761 rum
489 1705 582 1777 sit,
613 1723 800 1782 neque
833 1722 1061 1761 necesse
1087 1703 1267 1760 fuisse
1296 1703 1607 1782 Cypselum
1645 1721 1879 1781 regnare
1908 1702 2019 1759 Co·
2098 1725 2109 1736 ·

329 1783 523 1855 rinthi,
556 1804 902 1862 quamquam
936 1784 998 1841 id
1037 1783 1325 1841 milesimo
1366 1791 1499 1842 ante
1544 1803 1695 1840 anuo
1729 1782 2021 1861 Apollinis

329 1863 559 1921 oraculo
588 1864 809 1921 editum
838 1870 1002 1921 esset.
1065 1863 1152 1920 At
1180 1864 1227 1920 si
1256 1864 1366 1921 ista
1393 1861 1796 1940 comprobabis
1822 1863 2021 1920 divina

328 1942 621 2020 praedicta
647 1949 722 2014 et,
748 1960 892 2019 quae
915 1941 1062 1999 falsa
1087 1942 1150 1998 in
1172 1942 1384 1999 futuris
1412 1942 1691 2012 dicentur,
1715 1942 1775 1998 in
1805 1941 1896 1998 his
1922 1942 2021 1999 ha-

329 2021 508 2093 bebis,
539 2028 606 2079 ut
639 2040 705 2079 ea
745 2021 868 2079 fieri
910 2040 1030 2078 non
1063 2021 1306 2097 possint,
1336 2027 1419 2092 ut,
1450 2021 1499 2077 si
1527 2020 1767 2093 dicatur,
1797 2020 2021 2079 Africa-

329 2120 471 2159 num
499 2100 858 2178 Karthagine
886 2100 1227 2178 potiturum,
1252 2108 1310 2158 et
1338 2100 1383 2157 si
1414 2120 1543 2159 vere
1576 2100 1801 2159 dicatur
1831 2101 1905 2159 de
1930 2101 2021 2159 fu-

328 2187 478 2254 turo,
509 2180 686 2259 idque
716 2182 801 2239 ita
840 2181 1104 2238 futurum
1138 2181 1231 2252 sit,
1263 2180 1419 2237 dicas
1460 2200 1581 2239 esse
1620 2181 2016 2241 necessarium.

330 2261 490 2330 Quae
522 2269 610 2319 est
642 2267 770 2320 tota
795 2260 1044 2320 Diodori
1071 2259 1238 2318 vobis
1272 2260 1507 2319 inimica
1538 2261 1836 2320 sententia.
1924 2267 2016 2321 14.

329 2342 564 2401 Etenim
593 2342 640 2399 si
669 2341 813 2401 illud
842 2360 972 2400 vere
1000 2341 1323 2399 conectitur
1352 2342 1387 2369 ‘⁴
1407 2341 1470 2399 Si
1498 2342 1717 2400 oriente
1746 2341 2023 2400 Canicula

331 2430 498 2481 natus
539 2442 616 2495 es,
653 2423 713 2480 in
757 2422 900 2482 mari
948 2440 1065 2479 non
1108 2420 1407 2493 moriere,’'
1442 2423 1826 2500 primumque,
1864 2422 2023 2500 quod

330 2511 418 2560 est
460 2503 522 2559 in
566 2521 786 2561 conexo
836 2504 872 2531 “
890 2502 1078 2560 Natus
1126 2522 1189 2560 es
1237 2502 1459 2560 oriente
1506 2501 1798 2573 Canicula,
1832 2521 2023 2559 neces·

331 2582 543 2639 sarium
577 2583 940 2639 est—omnia
973 2583 1127 2639 enim
1159 2601 1291 2641 vera
1322 2583 1381 2639 in
1417 2582 1741 2659 praeteritis
1772 2600 2023 2639 necessa-

329 2660 416 2717 ria
442 2667 594 2732 sunt,
613 2668 679 2718 ut
706 2660 1037 2738 Chrysippo
1065 2661 1269 2740 placet,
1292 2661 1654 2719 dissentienti
1681 2679 1718 2718 a
1744 2661 2021 2738 magistro

331 2738 627 2810 Cleanthe,
652 2740 787 2817 quia
813 2748 948 2797 sunt
975 2741 1359 2799 immutabilia
1384 2760 1489 2799 nec
1513 2741 1570 2798 in
1596 2740 1805 2799 falsum
1835 2760 1865 2797 e
1886 2759 2022 2797 vero

332 2819 640 2896 praeterita
682 2827 925 2896 possunt
969 2820 1431 2878 convertere—si
1480 2821 1673 2898 igitur,
1707 2820 1862 2897 quod
1911 2820 2025 2897 pri-

332 2916 494 2954 mum
529 2898 586 2953 in
623 2917 842 2956 conexo
875 2906 979 2970 est,
1007 2901 1388 2958 necessarium
1422 2907 1525 2972 est,
1556 2900 1625 2958 fit
1657 2901 1828 2957 etiam
1867 2899 2023 2976 quod

335 2978 593 3054 sequitur
641 2979 1034 3037 necessarium.
1120 2979 1484 3058 Quamquam
1534 2979 1644 3037 hoc
1693 2980 2025 3056 Chrysippo

333 3076 453 3114 non
482 3056 709 3114 videtur
734 3058 917 3115 valere
945 3059 1004 3115 in
1036 3060 1320 3117 omnibuS.
1406 3059 1524 3116 Sed
1548 3066 1761 3130 tamen,
1786 3060 1836 3115 si
1861 3067 2021 3116 natu-

333 3137 466 3195 ralis
513 3143 603 3194 est
651 3156 836 3209 causa,
867 3156 968 3195 cur
1015 3138 1078 3194 in
1126 3140 1272 3197 mari
1316 3138 1525 3196 Fabius
1566 3157 1685 3195 non
1726 3138 2023 3212 moriatur,

334 3217 394 3275 in
428 3217 574 3276 mari
608 3216 820 3275 Fabius
858 3218 1006 3276 mori
1047 3237 1168 3276 non
1210 3224 1419 3293 potest.
1506 3216 1674 3276 VIII.
1761 3223 1853 3276 15.
1891 3218 2023 3277 Hoc
