2199 3546
223 141 302 192 w·
603 177 608 184 .
645 137 779 190 ,1111
795 136 1113 210 NATURA
1140 135 1483 202 DEORUM„
1501 183 1517 190 ,

222 239 495 300 haerendi
514 244 734 310 natura,
753 238 858 298 sed
881 243 950 296 ut
975 237 1255 310 arborem,
1275 243 1343 296 ut
1362 235 1591 308 animal,
1608 234 1679 294 in·
1700 235 1919 314 qttibus

221 320 379 379 nulla
397 319 714 391 temeritas,'
726 319 830 378 sed
855 318 999 376 ordo
1025 324 1265 396 apparet
1284 324 1345 376 et
1362 317 1503 378 artis
1530 317 1812 394 quaedam
1835 317 1919 380 si·

223 400 510 459 militudo.
1588 453 1593 458 .

301 477 595 537 XXXIII.
663 483 766 537 -83,
803 477 978 547 Quod
1007 477 1056 534 si
1089 496 1175 549 ea,
1206 496 1353 555 quae
1384 496 1423 534 a
1450 482 1605 534 terra
1634 476 1919 554 stirpibus

221 561 608 629 continentur,
637 565 760 616 arte
801 565 1036 615 naturae
1067 557 1271 616 vivunt
1302 564 1368 620 et
1398 555 1614 634 vigent,
1634 557 1918 633 pro-fecto

222 641 348 718 ipsa
377 647 530 698 terra
561 638 762 698 eadem
794 637 854 696 vi
887 637 1216 696 cont-inetur
1244 643 1369 698 arte
1408 643 1662 707 naturae,
1692 636 1919 714 quippe

223 740 368 799 quae
396 719 694 797 gravidata
727 717 1042 775 seminibus
1073 717 1271 776 omnia
1303 717 1489 794 pariat
1514 723 1577 774 et
1601 715 1815 778 fundat
1840 735 1917 774 ex

223 820 360 872 sese,
383 801 591 877 stirpes
618 797 882 875 amplexa
907 796 1024 855 alat
1043 803 1105 854 et
1122 805 1329 874 augeat
1356 797 1595 874 ipsaque
1621 795 1806 856 alatur
1832 796 1919 853 vi·-

223 880 415 940 cissim
435 899 470 937 a
491 879 710 956 superis
727 877 1088 954 externisque
1108 877 1339 938 naturis,
1408 876 1797 953 Eiusdemque
1818 895 1919 934 ex-

223 959 632 1037 spirationibus
672 965 732 1016 et
763 964 865 1016 aer
903 957 1077 1017 alitur
1108 965 1168 1014 et
1199 957 1397 1016 aether
1426 963 1488 1014 et
1518 956 1717 1014 omnia
1746 975 1919 1032 supe-

222 1059 302 1097 ra.
379 1039 486 1110 Ita,
505 1039 555 1096 si
583 1045 734 1096 terra
761 1043 968 1097 natura
991 1043 1223 1096 tenetur
1248 1043 1310 1094 et
1334 1035 1510 1114 viget,
1532 1036 1733 1096 eadem
1760 1037 1917 1094 ratio

223 1119 284 1176 in
311 1119 532 1196 reliquo
557 1117 779 1197 mundo
807 1124 927 1176 est:
963 1117 1171 1194 stirpes
1196 1117 1353 1176 enim
1372 1124 1557 1177 terrae
1576 1115 1915 1177 inhaerent:

223 1199 542 1257 animantes
573 1205 768 1256 autem
801 1197 1149 1274 aspiratione
1182 1197 1333 1254 aeris
1366 1196 1747 1268 sustinentur‚·
1766 1195 1921 1272 ipse·-

224 1298 334 1356 que
375 1285 476 1336 aer
513 1277 816 1336 nobiscum
849 1277 1026 1348 videt,
1054 1276 1359 1338 nobiscum
1400 1276 1579 1347 audit,
1608 1275 1917 1334 nobiscum

224 1365 423 1416 sonat:
466 1357 612 1415 nihil
641 1357 797 1416 enim
825 1376 1024 1414 eorum
1059 1356 1181 1416 sine
1204 1375 1287 1414 eo
1312 1355 1435 1414 fieri
1461 1363 1672 1434 potest.
1756 1355 1931 1424 Quin,

223 1440 402 1496 etiam
443 1443 712 1496 movetur
751 1437 1052 1496 nobiscum
1073 1455 1092 1494 -:
1141 1451 1503 1514 quacumque
1544 1437 1698 1500 enim
1740 1436 1915 1508 imuS‚

225 1537 583 1596 quacumque
626 1536 940 1588 movemur,
972 1516 1201 1574 videtur
1242 1517 1407 1594 quasi
1442 1516 1632 1587 locum
1676 1515 1813 1580 dare
1854 1525 1919 1580 et,

224 1598 439 1657 cedere.
525 1602 618 1655 84.
654 1596 927 1674 Quaeque
955 1596 1013 1654 in
1048 1596 1308 1654 medium
1340 1597 1533 1664 locum
1561 1596 1787 1669 mundi,
1812 1597 1917 1675 qui

16 1735 19 1744 ,
91 1695 98 1702 ·
155 1708 162 1730 ε
223 1685 312 1736 est
331 1677 579 1748 infimus,
599 1683 658 1734 et
680 1682 824 1754 quae
846 1695 882 1733 a
900 1676 1094 1734 medio
1116 1676 1179 1734 in
1200 1695 1472 1754 superum
1496 1684 1753 1755 quaeque
1782 1696 1919 1736 con-

17 1788 24 1797 ·
132 1822 140 1827 ,
223 1759 480 1817 versione
513 1757 764 1816 rotunda
793 1757 1010 1815 circum
1041 1757 1311 1817 medium·
1328 1757 1610 1830 feruntur,
1630 1777 1701 1815 ea
1732 1757 1920 1819 conti·

223 1846 457 1897 nentem
484 1836 972 1896 mundi-efficiunt
997 1856 1288 1916 unamque
1318 1844 1601 1898 naturam.
1676 1838 1754 1895 Et
1780 1858 1916 1897 cum

225 1927 500 1997 quattuor
529 1938 742 1996 genera
771 1918 888 1976 sint
920 1937 1245 1997 corporum,
1277 1917 1673 1977 vicissitudine
1710 1936 1911 1983 eorum

223 2000 430 2057 mundi
461 2000 798 2057 continuata
837 2004 1044 2056 natura
1080 2005 1185 2057 est.
1268 1996 1421 2057 Nam
1454 2017 1526 2057 ex
1554 2005 1711 2060 *terra
1746 2009 1914 2075 aqua,

225 2098 294 2137 ex
323 2097 472 2157 aqua
501 2079 688 2137 oritur
719 2085 834 2151 aer,
859 2097 928 2137 ex
961 2085 1096 2137 aere
1122 2078 1335 2149 aether,
1359 2077 1569 2137 deinde
1601 2085 1915 2137 retrorsum

225 2159 476 2217 vicissim
504 2178 574 2215 ex
601 2158 830 2216 aethere
857 2165 974 2229 aer,
993 2158 1129 2216 inde
1156 2178 1320 2235 aqua,
1340 2178 1411 2216 ex
1438 2176 1589 2236 aqua
1614 2164 1765 2217 terra
1791 2157 1919 2215 infi-

225 2257 336 2297 ma.
407 2238 506 2295 Sic
537 2238 757 2295 naturis
782 2237 892 2309 his,
912 2256 984 2294 ex
1019 2237 1229 2314 quibus
1262 2238 1459 2296 omnia
1489 2245 1775 2310 constant,
1798 2258 1919 2297 sur-

227 2336 322 2375 sus
343 2317 596 2388 deorsam,
612 2316 764 2374 ultro
787 2318 932 2375 citro
955 2317 1415 2377 commeantibus
1434 2318 1638 2379 mnndi
1652 2318 1914 2395 'partium

227 2396 558 2456 coniunctio
586 2397 929 2455 continetur.
1017 2403 1111 2455 85.
1148 2397 1307 2466 Quae
1336 2405 1439 2457 aut
1464 2398 1814 2476 sempiterna
1838 2399 1917 2457 sit

226 2496 454 2535 necesse
477 2482 564 2535 est
583 2476 694 2535 hoc
716 2476 921 2534 eodem
949 2485 1173 2548 ornatu,
1190 2498 1363 2556 quem
1385 2479 1664 2550 videmus»,
1680 2485 1781 2539 aut
1801 2496 1917 2537 cer·-

226 2564 286 2615 tc
313 2556 690 2635 perdiuturna
715 2576 1056 2636 permanens
1083 2559 1159 2615 ad
1178 2558 1561 2636 longinquum
1590 2566 1649 2617 et
1676 2560 1917 2617 immen-

228 2657 354 2695 sum
383 2656 565 2715 paene
591 2644 837 2714 tempus,
923 2637 1183 2706 Quorum
1210 2639 1494 2697 utrumvis
1522 2646 1590 2696 ut
1614 2640 1707 2709 sit,
1730 2638 1919 2715 sequi-

227 2724 324 2775 tur
354 2724 560 2775 natura
589 2717 872 2775 mundum
907 2717 1311 2776 administrari.
1396 2717 1557 2786 Quae
1590 2718 1745 2776 enim
1778 2719 1919 2776 clas-

229 2798 380 2854 sium
405 2797 699 2874 navigatio
725 2804 827 2854 aut
855 2816 1000 2873 quae
1019 2797 1325 2856 instructio
1356 2798 1641 2857 exercitus
1671 2805 1772 2857 aut
1796 2817 1919 2856 rur-

225 2876 341 2947 sus,
364 2884 434 2933 ut
465 2896 548 2947 ea,
573 2895 717 2951 qnae
750 2883 956 2933 natura
987 2876 1179 2947 efficit,
1204 2876 1584 2948 conferamuS‚
1610 2896 1755 2954 quae
1787 2897 1919 2955 pro-

229 2956 442 3013 creatio
469 2956 604 3013 vitis
637 2960 736 3011 aut
763 2954 996 3023 arboriS‚
1021 2972 1169 3029 quae
1196 2973 1371 3029 porro
1396 2955 1709 3013 animantis
1733 2956 1919 3033 figura

228 3034 728 3110 conformatioque
759 3032 1151 3089 membrorum
1184 3040 1404 3089 tantam
1446 3040 1686 3093 naturae
1726 3036 1920 3092 soller-

228 3114 369 3172 tiam
414 3110 700 3189 significat
741 3117 1012 3186 quantam
1053 3110 1180 3185 ipse
1221 3111 1509 3168 mundus&³
1580 3112 1707 3169 Aut
1738 3114 1919 3189 igitur

230 3192 372 3250 nihil
403 3198 490 3249 est
519 3190 674 3265 quod
704 3189 984 3245 sentiente
1011 3196 1217 3245 natura
1248 3196 1477 3262 regatur
1504 3198 1603 3248 aut
1630 3192 1915 3250 mundum
