2199 3546
553 159 694 210 mn.
720 160 790 221 1.,
817 156 974 209 cAP.
999 156 1231 222 xxm,
1256 158 1451 222 xxm,
1478 159 1507 219 ς
1536 161 1719 210 49-54.
1888 163 1985 212 165

293 262 558 322 custodia
598 262 846 341 publica,
881 262 1078 320 dicens
1124 261 1351 320 Critoni
1400 281 1505 321 suo
1553 262 1825 319 familiari
1874 262 1986 320 sibi

292 349 430 422 post
469 343 705 401 tertium
755 343 912 400 diem
957 361 1078 400 esse
1122 342 1519 400 moriendum:
1562 341 1773 399 vidisse
1818 362 1877 400 se
1920 343 1985 400 in

293 424 511 481 somnis
542 422 970 501 pulchritudine
1012 422 1223 480 eximia
1262 422 1557 493 feminam,
1596 441 1741 499 quae
1782 441 1843 479 se
1885 441 1985 479 no-

292 505 448 561 mine
489 503 783 580 appellans
822 504 1039 560 diceret
1077 503 1459 560 Homericum
1518 502 1805 582 quendam
1865 503 1985 561 eius

292 584 454 642 modi
482 601 742 642 versum:

553 704 726 754 Tertia
751 711 803 752 te
827 687 1044 752 Phthiae
1069 711 1336 766 tempestas
1362 701 1493 750 laeta
1520 701 1719 752 locabit.

293 821 484 892 Quod,
507 828 574 879 ut
602 829 689 879 est
717 821 957 891 dictum,
981 822 1062 877 sic
1090 819 1357 877 scribitur
1388 820 1713 896 contigisse.
1791 819 1985 878 Xeno·

294 902 456 980 phon
485 900 991 977 Socraticus—qui
1018 901 1107 958 vir
1132 907 1191 958 et
1213 909 1461 978 quantus
1485 900 1641 958 i——in
1670 919 1737 957 ea
1757 900 1981 971 militia,

297 1001 412 1059 qua
437 1001 571 1040 cum
591 981 750 1058 Cyro
771 981 991 1038 minore
1012 980 1349 1057 perfunctus
1370 987 1472 1051 est,
1494 999 1597 1037 sua
1618 979 1814 1037 scribit
1835 999 1985 1037 som-

296 1062 408 1130 nia,
435 1079 680 1139 quorum
703 1067 940 1125 eventus
961 1059 1249 1118 mirabiles
1270 1061 1625 1117 exstiterunt.
1704 1066 1796 1117 53.
1828 1059 1985 1118 Men-

294 1142 393 1199 tiri
412 1141 864 1218 Xenophontem
889 1159 960 1198 an
979 1139 1219 1198 delirare
1240 1140 1527 1197 dicemus?
1576 1139 1764 1208 Quid?
1792 1141 1985 1216 singu-

293 1222 397 1279 lari
425 1223 515 1279 vir
540 1221 776 1297 ingenio
796 1219 1141 1278 Aristoteles
1169 1226 1228 1278 et
1250 1237 1429 1296 paene
1450 1219 1649 1277 divino
1677 1220 1873 1297 ipsene
1902 1239 1985 1277 er-

292 1310 382 1360 rat
407 1321 482 1360 an
510 1300 654 1358 alios
681 1300 806 1358 vult
833 1319 1031 1372 errare,
1052 1319 1185 1358 cum
1214 1298 1412 1357 scribit
1432 1300 1757 1358 Eudemum
1782 1299 1985 1377 Cypri-

295 1401 395 1440 um
427 1380 772 1439 familiarem
807 1399 974 1438 suum
1003 1381 1115 1438 iter
1146 1381 1207 1438 in
1243 1379 1641 1437 Macedoniam
1673 1380 1981 1438 facientem·

296 1461 516 1520 Pheras
545 1461 784 1532 venisse,
811 1479 956 1539 quae
989 1468 1113 1518 erat
1146 1460 1281 1517 urbs
1311 1460 1374 1516 in
1402 1459 1695 1518 Thessalia
1727 1466 1853 1517 tum
1888 1460 1985 1517 ad-

296 1542 536 1599 modum
563 1541 794 1612 nobilis,
815 1540 888 1598 ab
908 1539 1241 1598 Alexandro
1268 1547 1463 1597 autem
1490 1547 1739 1617 tyranno
1766 1539 1984 1598 crudeli

296 1622 598 1680 dominatu
630 1621 963 1679 tenebatur:
1005 1621 1066 1678 in
1106 1639 1175 1678 eo
1214 1619 1395 1698 igitur
1434 1619 1653 1697 oppido
1690 1621 1772 1676 ita
1802 1620 1986 1696 gravi-

293 1709 384 1760 ter
414 1720 648 1781 aegrum
683 1701 1010 1759 Eudemum
1043 1701 1239 1772 fuisse,
1271 1705 1339 1758 ut
1371 1718 1571 1758 omnes
1603 1699 1813 1757 medici
1841 1699 1985 1758 diffi-

293 1783 528 1841 derent:
571 1783 624 1840 ei
653 1783 839 1839 visum
868 1782 930 1838 in
960 1781 1153 1859 quiete
1180 1781 1413 1859 egregia
1437 1781 1587 1838 facie
1613 1781 1879 1838 iuvenem
1901 1781 1985 1838 di-

296 1882 421 1923 cere
456 1864 584 1920 fore
615 1870 683 1920 ut
710 1861 969 1939 perbrevi
999 1862 1418 1919 convalesceret
1444 1860 1753 1938 paucisque
1782 1860 1985 1919 diebus
2052 1897 2061 1905 -

296 1942 662 2000 interiturum
725 1941 1119 1999 Alexandrum
1167 1948 1497 2019 tyrannum,
1543 1941 1735 2017 ipsum
1790 1947 1984 2003 autem

296 2022 624 2080 Eudemum
655 2022 1044 2099 quinquennio
1073 2030 1208 2099 post
1234 2021 1475 2078 domum
1505 2039 1626 2077 esse
1646 2019 1981 2082 rediturum.

296 2100 495 2180 Atque
535 2102 622 2159 ita
661 2101 890 2178 quidem
934 2102 1125 2179 prima
1164 2102 1361 2159 statim
1404 2099 1603 2158 scribit
1641 2099 1985 2159 Aristoteles

297 2188 617 2253 consecuta,
643 2190 702 2239 et
727 2182 1078 2239 convaluisse
1106 2181 1434 2239 Eudemum
1462 2190 1521 2238 et
1548 2180 1620 2237 ab
1648 2180 1842 2238 uxoris
1874 2180 1984 2239 fra-

295 2262 480 2321 tribus
528 2262 897 2320 interfectum
944 2269 1290 2339 tyrannum:
1337 2261 1540 2339 quinto
1588 2268 1782 2319 autem
1830 2281 1983 2320 anno

294 2349 554 2413 exeunte,
589 2360 721 2399 cum
765 2349 913 2399 esset
954 2361 1084 2419 spes
1124 2362 1193 2399 ex
1224 2341 1325 2398 illo
1360 2341 1587 2399 somnio
1620 2342 1682 2398 in
1722 2341 1983 2419 Cyprum

293 2422 456 2479 illum
490 2440 560 2479 ex
593 2421 792 2479 Sicilia
823 2440 944 2479 esse
977 2421 1314 2492 rediturum,
1338 2420 1719 2498 proeliantem.
1748 2442 1880 2480 eum
1911 2422 1986 2480 ad

293 2501 602 2578 Syracusas
637 2501 946 2559 occidisse:
991 2520 1060 2559 ex
1095 2520 1211 2579 quo
1244 2500 1327 2558 ita
1359 2500 1503 2559 illud
1536 2502 1825 2559 somnium
1862 2520 1987 2561 esse

291 2580 751 2658 interpretatum,
775 2587 860 2652 ut,
883 2599 1016 2639 cum
1045 2582 1271 2639 animus
1293 2580 1539 2639 Eudemi
1568 2601 1599 2639 e
1626 2601 1867 2658 corpore
1895 2602 1987 2639 ex-

293 2662 537 2734 cesserit,
573 2667 701 2718 tum
744 2660 982 2719 domum
1024 2662 1321 2719 revertisse
1364 2662 1635 2720 videatur.
1722 2665 1815 2719 54.
1866 2661 1988 2719 Ad-

291 2741 598 2817 iungamus
619 2740 982 2818 philosophis
1002 2741 1401 2799 doctissimum
1419 2741 1729 2811 hominem,
1746 2748 1983 2817 poetam

294 2821 528 2898 quidem
563 2821 841 2891 divinum,
867 2820 1233 2898 Sophoclem,
1259 2822 1379 2897 qui,
1404 2840 1536 2879 cum
1569 2840 1638 2879 ex
1672 2822 1812 2877 aede
1840 2820 1989 2877 Her:

293 2900 438 2958 culis
485 2907 686 2978 patera
723 2918 893 2959 aurea
930 2901 1123 2977 gravis
1163 2907 1423 2978 surrepta
1462 2908 1627 2972 esset,
1663 2902 1722 2957 in
1766 2900 1986 2956 somnis

293 2981 442 3037 vidit
473 2981 664 3057 ipsum
707 2980 882 3038 deum
923 2980 1213 3037 dicentem
1256 2981 1357 3057 qui
1389 2980 1451 3038 id
1482 2980 1727 3038 fecisset.
1812 2977 1984 3045 Quod

293 3059 469 3117 semel
516 3058 614 3117 ille
661 3059 982 3135 iterumque
1031 3058 1301 3136 neglexit.
1385 3059 1508 3118 Ubi
1541 3059 1692 3115 idern
1736 3057 1979 3130 saepius,

291 3139 552 3198 ascendit
580 3140 642 3197 in
669 3139 885 3197 Areum
916 3156 1167 3217 pagum:
1211 3138 1422 3197 detulit
1451 3156 1587 3194 rem.
1671 3135 1986 3210 Areopagi-

290 3225 386 3277 tae
412 3217 827 3344 cqlnprehendi
847 3218 1049 3277 iubent
1070 3236 1223 3289 eum,
1244 3218 1343 3294 qui
1370 3236 1407 3273 a
1430 3212 1717 3289 Sophocle
1744 3220 1867 3269 erat
1888 3231 1984 3268 no-
