<?xml version="1.0" encoding="UTF-8"?>
<!DOCTYPE html PUBLIC "-//W3C//DTD XHTML 1.0 Transitional//EN"
    "http://www.w3.org/TR/xhtml1/DTD/xhtml1-transitional.dtd">
<html xmlns="http://www.w3.org/1999/xhtml" xml:lang="en" lang="en">
 <head>
  <title>
</title>
<meta http-equiv="Content-Type" content="text/html;charset=utf-8" />
  <meta name='ocr-system' content='tesseract 3.04.00' />
  <meta name='ocr-capabilities' content='ocr_page ocr_carea ocr_par ocr_line ocrx_word'/>
</head>
<body>
  <div class='ocr_page' id='page_1' title='image "./denaturadeorumd00cicegoog_0201.png"; bbox 0 0 2199 3546; ppageno 0'>
   <div class='ocr_carea' id='block_1_1' title="bbox 585 141 1995 206">
    <p class='ocr_par' dir='ltr' id='par_1_1' title="bbox 585 141 1995 206">
     <span class='ocr_line' id='line_1_1' title="bbox 585 141 1995 206; baseline 0.004 -14"><span class='ocrx_word' id='word_1_1' title='bbox 585 141 726 194; x_wconf 85' lang='lat' dir='ltr'><strong>LIB.</strong></span> <span class='ocrx_word' id='word_1_2' title='bbox 751 143 817 204; x_wconf 91' lang='lat'>1.,</span> <span class='ocrx_word' id='word_1_3' title='bbox 845 142 1005 193; x_wconf 84' lang='lat' dir='ltr'>CAP.</span> <span class='ocrx_word' id='word_1_4' title='bbox 1033 141 1385 206; x_wconf 83' lang='lat' dir='ltr'>LIV.-LV1.‚</span> <span class='ocrx_word' id='word_1_5' title='bbox 1412 143 1441 204; x_wconf 83' lang='lat'>§</span> <span class='ocrx_word' id='word_1_6' title='bbox 1472 147 1716 196; x_wconf 74' lang='lat'>122-127.</span> <span class='ocrx_word' id='word_1_7' title='bbox 1902 151 1995 198; x_wconf 85' lang='lat'>191</span> 
     </span>
    </p>
   </div>
   <div class='ocr_carea' id='block_1_2' title="bbox 307 242 2004 3275">
    <p class='ocr_par' dir='ltr' id='par_1_2' title="bbox 308 242 2004 880">
     <span class='ocr_line' id='line_1_2' title="bbox 309 242 2003 325; baseline 0.002 -23"><span class='ocrx_word' id='word_1_8' title='bbox 309 242 678 302; x_wconf 84' lang='lat' dir='ltr'>contrarium.</span> <span class='ocrx_word' id='word_1_9' title='bbox 745 242 894 302; x_wconf 86' lang='lat' dir='ltr'>Mihi</span> <span class='ocrx_word' id='word_1_10' title='bbox 911 250 1105 302; x_wconf 85' lang='lat' dir='ltr'>autem</span> <span class='ocrx_word' id='word_1_11' title='bbox 1127 245 1203 302; x_wconf 83' lang='lat' dir='ltr'>ad</span> <span class='ocrx_word' id='word_1_12' title='bbox 1223 244 1351 316; x_wconf 88' lang='lat' dir='ltr'>hoc,</span> <span class='ocrx_word' id='word_1_13' title='bbox 1368 245 1441 304; x_wconf 92' lang='lat' dir='ltr'>de</span> <span class='ocrx_word' id='word_1_14' title='bbox 1464 251 1582 323; x_wconf 65' lang='lat' dir='ltr'>quo*</span> <span class='ocrx_word' id='word_1_15' title='bbox 1601 246 1852 324; x_wconf 82' lang='lat' dir='ltr'>disputO,</span> <span class='ocrx_word' id='word_1_16' title='bbox 1872 267 2003 325; x_wconf 83' lang='lat' dir='ltr'>pro·</span> 
     </span>
     <span class='ocr_line' id='line_1_3' title="bbox 309 322 2003 404; baseline 0.001 -22"><span class='ocrx_word' id='word_1_17' title='bbox 309 322 566 382; x_wconf 86' lang='lat' dir='ltr'>bandum</span> <span class='ocrx_word' id='word_1_18' title='bbox 595 323 732 382; x_wconf 86' lang='lat' dir='ltr'>satis</span> <span class='ocrx_word' id='word_1_19' title='bbox 765 330 854 382; x_wconf 86' lang='lat' dir='ltr'>est</span> <span class='ocrx_word' id='word_1_20' title='bbox 879 342 998 382; x_wconf 89' lang='lat' dir='ltr'>non</span> <span class='ocrx_word' id='word_1_21' title='bbox 1031 324 1209 382; x_wconf 91' lang='lat' dir='ltr'>modo</span> <span class='ocrx_word' id='word_1_22' title='bbox 1236 324 1417 401; x_wconf 84' lang='lat' dir='ltr'>plura,</span> <span class='ocrx_word' id='word_1_23' title='bbox 1442 326 1542 384; x_wconf 89' lang='lat' dir='ltr'>sed</span> <span class='ocrx_word' id='word_1_24' title='bbox 1571 327 1742 384; x_wconf 84' lang='lat' dir='ltr'>etiam</span> <span class='ocrx_word' id='word_1_25' title='bbox 1773 329 2003 404; x_wconf 87' lang='lat' dir='ltr'>paucio·-</span> 
     </span>
     <span class='ocr_line' id='line_1_4' title="bbox 309 403 2001 482; baseline 0.002 -21"><span class='ocrx_word' id='word_1_26' title='bbox 309 423 374 461; x_wconf 89' lang='lat' dir='ltr'>ra</span> <span class='ocrx_word' id='word_1_27' title='bbox 401 403 594 462; x_wconf 86' lang='lat' dir='ltr'><strong>divine</strong></span> <span class='ocrx_word' id='word_1_28' title='bbox 621 423 923 480; x_wconf 80' lang='lat' dir='ltr'><strong>praesensa</strong></span> <span class='ocrx_word' id='word_1_29' title='bbox 949 411 1009 462; x_wconf 90' lang='lat' dir='ltr'>et</span> <span class='ocrx_word' id='word_1_30' title='bbox 1035 404 1332 481; x_wconf 83' lang='lat' dir='ltr'>praedicta</span> <span class='ocrx_word' id='word_1_31' title='bbox 1353 406 1604 482; x_wconf 85' lang='lat' dir='ltr'>reperiri.</span> <span class='ocrx_word' id='word_1_32' title='bbox 1681 412 1812 464; x_wconf 83' lang='lat'>125.</span> <span class='ocrx_word' id='word_1_33' title='bbox 1844 407 2001 476; x_wconf 81' lang='lat' dir='ltr'>Quin</span> 
     </span>
     <span class='ocr_line' id='line_1_5' title="bbox 309 483 2002 563; baseline 0.003 -23"><span class='ocrx_word' id='word_1_34' title='bbox 309 483 487 540; x_wconf 86' lang='lat' dir='ltr'>etiam</span> <span class='ocrx_word' id='word_1_35' title='bbox 514 483 626 540; x_wconf 88' lang='lat' dir='ltr'>hoc</span> <span class='ocrx_word' id='word_1_36' title='bbox 653 502 772 541; x_wconf 91' lang='lat' dir='ltr'>non</span> <span class='ocrx_word' id='word_1_37' title='bbox 793 483 1072 541; x_wconf 87' lang='lat' dir='ltr'>dubitans</span> <span class='ocrx_word' id='word_1_38' title='bbox 1099 484 1360 556; x_wconf 77' lang='lat' dir='ltr'>dixerim,</span> <span class='ocrx_word' id='word_1_39' title='bbox 1386 485 1434 542; x_wconf 87' lang='lat' dir='ltr'>si</span> <span class='ocrx_word' id='word_1_40' title='bbox 1462 505 1645 542; x_wconf 89' lang='lat' dir='ltr'>unum</span> <span class='ocrx_word' id='word_1_41' title='bbox 1671 486 1891 563; x_wconf 84' lang='lat' dir='ltr'>aliquid</span> <span class='ocrx_word' id='word_1_42' title='bbox 1918 487 2002 546; x_wconf 86' lang='lat' dir='ltr'>ita</span> 
     </span>
     <span class='ocr_line' id='line_1_6' title="bbox 308 563 2004 641; baseline 0.001 -21"><span class='ocrx_word' id='word_1_43' title='bbox 308 563 387 621; x_wconf 88' lang='lat' dir='ltr'>sit</span> <span class='ocrx_word' id='word_1_44' title='bbox 418 563 778 639; x_wconf 86' lang='lat' dir='ltr'>praedictum</span> <span class='ocrx_word' id='word_1_45' title='bbox 819 581 1317 641; x_wconf 88' lang='lat' dir='ltr'>praesensumque,</span> <span class='ocrx_word' id='word_1_46' title='bbox 1340 571 1424 635; x_wconf 87' lang='lat' dir='ltr'>ut,</span> <span class='ocrx_word' id='word_1_47' title='bbox 1449 584 1581 623; x_wconf 90' lang='lat' dir='ltr'>cum</span> <span class='ocrx_word' id='word_1_48' title='bbox 1624 566 1895 638; x_wconf 75' lang='lat' dir='ltr'>evenerit,</span> <span class='ocrx_word' id='word_1_49' title='bbox 1918 567 2004 624; x_wconf 69' lang='lat' dir='ltr'>ita⁴</span> 
     </span>
     <span class='ocr_line' id='line_1_7' title="bbox 308 643 2001 722; baseline 0.001 -22"><span class='ocrx_word' id='word_1_50' title='bbox 308 643 496 714; x_wconf 85' lang='lat' dir='ltr'>cadat,</span> <span class='ocrx_word' id='word_1_51' title='bbox 517 650 587 701; x_wconf 89' lang='lat' dir='ltr'>ut</span> <span class='ocrx_word' id='word_1_52' title='bbox 611 643 972 721; x_wconf 86' lang='lat' dir='ltr'>praedictum</span> <span class='ocrx_word' id='word_1_53' title='bbox 999 644 1090 716; x_wconf 88' lang='lat' dir='ltr'>sit,</span> <span class='ocrx_word' id='word_1_54' title='bbox 1115 662 1303 722; x_wconf 89' lang='lat' dir='ltr'>neque</span> <span class='ocrx_word' id='word_1_55' title='bbox 1330 644 1391 700; x_wconf 88' lang='lat' dir='ltr'>in</span> <span class='ocrx_word' id='word_1_56' title='bbox 1420 663 1491 702; x_wconf 93' lang='lat' dir='ltr'>eo</span> <span class='ocrx_word' id='word_1_57' title='bbox 1528 645 1832 722; x_wconf 88' lang='lat' dir='ltr'>quicquam</span> <span class='ocrx_word' id='word_1_58' title='bbox 1866 665 2001 702; x_wconf 88' lang='lat' dir='ltr'>casu</span> 
     </span>
     <span class='ocr_line' id='line_1_8' title="bbox 308 723 2002 801; baseline 0.001 -21"><span class='ocrx_word' id='word_1_59' title='bbox 308 729 369 780; x_wconf 87' lang='lat' dir='ltr'>et</span> <span class='ocrx_word' id='word_1_60' title='bbox 389 723 634 781; x_wconf 84' lang='lat' dir='ltr'>fortuito</span> <span class='ocrx_word' id='word_1_61' title='bbox 655 723 878 782; x_wconf 82' lang='lat' dir='ltr'>factum</span> <span class='ocrx_word' id='word_1_62' title='bbox 907 743 1029 782; x_wconf 87' lang='lat' dir='ltr'>esse</span> <span class='ocrx_word' id='word_1_63' title='bbox 1057 730 1348 801; x_wconf 75' lang='lat' dir='ltr'>appareat,</span> <span class='ocrx_word' id='word_1_64' title='bbox 1368 743 1490 781; x_wconf 88' lang='lat' dir='ltr'>esse</span> <span class='ocrx_word' id='word_1_65' title='bbox 1518 731 1669 782; x_wconf 86' lang='lat' dir='ltr'>certe</span> <span class='ocrx_word' id='word_1_66' title='bbox 1697 724 2002 782; x_wconf 78' lang='lat' dir='ltr'>divinatio·</span> 
     </span>
     <span class='ocr_line' id='line_1_9' title="bbox 308 802 1531 880; baseline 0.001 -20"><span class='ocrx_word' id='word_1_67' title='bbox 308 821 442 861; x_wconf 89' lang='lat' dir='ltr'>nem</span> <span class='ocrx_word' id='word_1_68' title='bbox 471 803 647 880; x_wconf 91' lang='lat' dir='ltr'>idque</span> <span class='ocrx_word' id='word_1_69' title='bbox 675 822 796 861; x_wconf 84' lang='lat' dir='ltr'>esse</span> <span class='ocrx_word' id='word_1_70' title='bbox 824 803 1093 861; x_wconf 89' lang='lat' dir='ltr'>omnibus</span> <span class='ocrx_word' id='word_1_71' title='bbox 1122 802 1531 861; x_wconf 85' lang='lat' dir='ltr'>confitendum.</span> 
     </span>
    </p>

    <p class='ocr_par' dir='ltr' id='par_1_3' title="bbox 307 881 2001 3275">
     <span class='ocr_line' id='line_1_10' title="bbox 382 881 1997 961; baseline 0.001 -21"><span class='ocrx_word' id='word_1_72' title='bbox 382 881 666 951; x_wconf 83' lang='lat' dir='ltr'>Quocirca</span> <span class='ocrx_word' id='word_1_73' title='bbox 683 883 938 961; x_wconf 87' lang='lat' dir='ltr'>primum</span> <span class='ocrx_word' id='word_1_74' title='bbox 955 882 1105 940; x_wconf 89' lang='lat' dir='ltr'>mihi</span> <span class='ocrx_word' id='word_1_75' title='bbox 1123 883 1366 954; x_wconf 86' lang='lat' dir='ltr'>videtur,</span> <span class='ocrx_word' id='word_1_76' title='bbox 1384 889 1449 940; x_wconf 88' lang='lat' dir='ltr'>ut</span> <span class='ocrx_word' id='word_1_77' title='bbox 1469 882 1819 941; x_wconf 81' lang='lat' dir='ltr'>Posidonius</span> <span class='ocrx_word' id='word_1_78' title='bbox 1839 882 1997 956; x_wconf 86' lang='lat' dir='ltr'>facit,</span> 
     </span>
     <span class='ocr_line' id='line_1_11' title="bbox 307 961 2001 1040; baseline 0.001 -20"><span class='ocrx_word' id='word_1_79' title='bbox 307 981 345 1020; x_wconf 88' lang='lat' dir='ltr'>a</span> <span class='ocrx_word' id='word_1_80' title='bbox 371 961 498 1034; x_wconf 90' lang='lat' dir='ltr'>deo,</span> <span class='ocrx_word' id='word_1_81' title='bbox 522 962 595 1020; x_wconf 90' lang='lat' dir='ltr'>de</span> <span class='ocrx_word' id='word_1_82' title='bbox 623 981 740 1040; x_wconf 90' lang='lat' dir='ltr'>quo</span> <span class='ocrx_word' id='word_1_83' title='bbox 767 963 906 1020; x_wconf 86' lang='lat' dir='ltr'>satis</span> <span class='ocrx_word' id='word_1_84' title='bbox 933 963 1155 1021; x_wconf 89' lang='lat' dir='ltr'>dictum</span> <span class='ocrx_word' id='word_1_85' title='bbox 1185 969 1289 1034; x_wconf 88' lang='lat' dir='ltr'>est,</span> <span class='ocrx_word' id='word_1_86' title='bbox 1313 963 1523 1020; x_wconf 87' lang='lat' dir='ltr'>deinde</span> <span class='ocrx_word' id='word_1_87' title='bbox 1555 982 1590 1020; x_wconf 86' lang='lat' dir='ltr'>a</span> <span class='ocrx_word' id='word_1_88' title='bbox 1621 963 1765 1032; x_wconf 82' lang='lat' dir='ltr'>fate,</span> <span class='ocrx_word' id='word_1_89' title='bbox 1790 963 2001 1022; x_wconf 90' lang='lat' dir='ltr'>deinde</span> 
     </span>
     <span class='ocr_line' id='line_1_12' title="bbox 308 1042 2001 1120; baseline 0 -20"><span class='ocrx_word' id='word_1_90' title='bbox 308 1061 344 1100; x_wconf 86' lang='lat' dir='ltr'>a</span> <span class='ocrx_word' id='word_1_91' title='bbox 363 1049 568 1100; x_wconf 87' lang='lat' dir='ltr'>natura</span> <span class='ocrx_word' id='word_1_92' title='bbox 582 1043 670 1100; x_wconf 87' lang='lat' dir='ltr'>vis</span> <span class='ocrx_word' id='word_1_93' title='bbox 691 1043 880 1100; x_wconf 87' lang='lat' dir='ltr'>omnis</span> <span class='ocrx_word' id='word_1_94' title='bbox 897 1042 1196 1101; x_wconf 79' lang='lat' dir='ltr'>divinandi</span> <span class='ocrx_word' id='word_1_95' title='bbox 1213 1043 1473 1120; x_wconf 85' lang='lat' dir='ltr'>ratioque</span> <span class='ocrx_word' id='word_1_96' title='bbox 1490 1043 1817 1120; x_wconf 83' lang='lat' dir='ltr'>repetenda.</span> <span class='ocrx_word' id='word_1_97' title='bbox 1877 1043 2001 1100; x_wconf 90' lang='lat' dir='ltr'>Fie-</span> 
     </span>
     <span class='ocr_line' id='line_1_13' title="bbox 308 1122 2000 1200; baseline 0.001 -22"><span class='ocrx_word' id='word_1_98' title='bbox 308 1122 358 1178; x_wconf 89' lang='lat' dir='ltr'>ri</span> <span class='ocrx_word' id='word_1_99' title='bbox 381 1123 560 1200; x_wconf 86' lang='lat' dir='ltr'>igitur</span> <span class='ocrx_word' id='word_1_100' title='bbox 587 1123 780 1180; x_wconf 87' lang='lat' dir='ltr'>omnia</span> <span class='ocrx_word' id='word_1_101' title='bbox 800 1123 926 1182; x_wconf 87' lang='lat' dir='ltr'>fato</span> <span class='ocrx_word' id='word_1_102' title='bbox 953 1123 1103 1180; x_wconf 87' lang='lat' dir='ltr'>ratio</span> <span class='ocrx_word' id='word_1_103' title='bbox 1130 1123 1287 1200; x_wconf 85' lang='lat' dir='ltr'>cogit</span> <span class='ocrx_word' id='word_1_104' title='bbox 1314 1122 1501 1182; x_wconf 85' lang='lat' dir='ltr'>fateri.</span> <span class='ocrx_word' id='word_1_105' title='bbox 1570 1123 1779 1180; x_wconf 89' lang='lat' dir='ltr'>Fatum</span> <span class='ocrx_word' id='word_1_106' title='bbox 1806 1130 2000 1181; x_wconf 86' lang='lat' dir='ltr'>autem</span> 
     </span>
     <span class='ocr_line' id='line_1_14' title="bbox 308 1201 2001 1281; baseline 0 -21"><span class='ocrx_word' id='word_1_107' title='bbox 308 1201 372 1260; x_wconf 88' lang='lat' dir='ltr'>id</span> <span class='ocrx_word' id='word_1_108' title='bbox 404 1203 648 1281; x_wconf 76' lang='lat' dir='ltr'>appelle,</span> <span class='ocrx_word' id='word_1_109' title='bbox 673 1203 832 1280; x_wconf 87' lang='lat' dir='ltr'>quod</span> <span class='ocrx_word' id='word_1_110' title='bbox 872 1202 1076 1260; x_wconf 84' lang='lat' dir='ltr'>Graeci</span> <span class='ocrx_word' id='word_1_111' title='bbox 1120 1203 1472 1279; x_wconf 78' lang='grc' dir='ltr'><em>εἱμαρμένην,</em></span> <span class='ocrx_word' id='word_1_112' title='bbox 1495 1202 1560 1260; x_wconf 90' lang='lat' dir='ltr'>id</span> <span class='ocrx_word' id='word_1_113' title='bbox 1602 1209 1705 1275; x_wconf 90' lang='lat' dir='ltr'>est,</span> <span class='ocrx_word' id='word_1_114' title='bbox 1736 1202 2001 1261; x_wconf 87' lang='lat' dir='ltr'>ordinem</span> 
     </span>
     <span class='ocr_line' id='line_1_15' title="bbox 309 1282 2000 1359; baseline 0 -19"><span class='ocrx_word' id='word_1_115' title='bbox 309 1282 634 1359; x_wconf 82' lang='lat' dir='ltr'>seriemque</span> <span class='ocrx_word' id='word_1_116' title='bbox 661 1301 976 1354; x_wconf 83' lang='lat' dir='ltr'>causarum,</span> <span class='ocrx_word' id='word_1_117' title='bbox 999 1301 1130 1340; x_wconf 90' lang='lat' dir='ltr'>cum</span> <span class='ocrx_word' id='word_1_118' title='bbox 1160 1301 1362 1340; x_wconf 86' lang='lat' dir='ltr'>causae</span> <span class='ocrx_word' id='word_1_119' title='bbox 1396 1301 1565 1340; x_wconf 87' lang='lat' dir='ltr'>causa</span> <span class='ocrx_word' id='word_1_120' title='bbox 1595 1302 1745 1341; x_wconf 88' lang='lat' dir='ltr'>nexa</span> <span class='ocrx_word' id='word_1_121' title='bbox 1774 1302 1895 1340; x_wconf 88' lang='lat' dir='ltr'>rem</span> <span class='ocrx_word' id='word_1_122' title='bbox 1928 1302 2000 1341; x_wconf 84' lang='lat' dir='ltr'>ex</span> 
     </span>
     <span class='ocr_line' id='line_1_16' title="bbox 308 1361 2001 1440; baseline 0 -20"><span class='ocrx_word' id='word_1_123' title='bbox 308 1381 370 1420; x_wconf 86' lang='lat' dir='ltr'>se</span> <span class='ocrx_word' id='word_1_124' title='bbox 397 1363 616 1440; x_wconf 85' lang='lat' dir='ltr'>gignat.</span> <span class='ocrx_word' id='word_1_125' title='bbox 699 1362 788 1420; x_wconf 87' lang='lat' dir='ltr'>Ea</span> <span class='ocrx_word' id='word_1_126' title='bbox 814 1368 902 1420; x_wconf 90' lang='lat' dir='ltr'>est</span> <span class='ocrx_word' id='word_1_127' title='bbox 928 1381 1000 1420; x_wconf 85' lang='lat' dir='ltr'>ex</span> <span class='ocrx_word' id='word_1_128' title='bbox 1028 1363 1191 1420; x_wconf 89' lang='lat' dir='ltr'>omni</span> <span class='ocrx_word' id='word_1_129' title='bbox 1217 1363 1555 1421; x_wconf 78' lang='lat' dir='ltr'>aeternitate</span> <span class='ocrx_word' id='word_1_130' title='bbox 1582 1361 1765 1420; x_wconf 88' lang='lat' dir='ltr'>fluens</span> <span class='ocrx_word' id='word_1_131' title='bbox 1791 1363 2001 1420; x_wconf 82' lang='lat' dir='ltr'>veritas</span> 
     </span>
     <span class='ocr_line' id='line_1_17' title="bbox 309 1441 1999 1520; baseline 0 -20"><span class='ocrx_word' id='word_1_132' title='bbox 309 1443 672 1520; x_wconf 83' lang='lat' dir='ltr'>sempiterna.</span> <span class='ocrx_word' id='word_1_133' title='bbox 743 1441 916 1511; x_wconf 82' lang='lat' dir='ltr'>Quod</span> <span class='ocrx_word' id='word_1_134' title='bbox 937 1461 1070 1500; x_wconf 89' lang='lat' dir='ltr'>cum</span> <span class='ocrx_word' id='word_1_135' title='bbox 1091 1443 1176 1500; x_wconf 89' lang='lat' dir='ltr'>ita</span> <span class='ocrx_word' id='word_1_136' title='bbox 1202 1443 1295 1512; x_wconf 89' lang='lat' dir='ltr'>sit,</span> <span class='ocrx_word' id='word_1_137' title='bbox 1314 1442 1461 1499; x_wconf 86' lang='lat' dir='ltr'>nihil</span> <span class='ocrx_word' id='word_1_138' title='bbox 1483 1449 1572 1500; x_wconf 91' lang='lat' dir='ltr'>est</span> <span class='ocrx_word' id='word_1_139' title='bbox 1590 1441 1811 1500; x_wconf 83' lang='lat' dir='ltr'>factum</span> <span class='ocrx_word' id='word_1_140' title='bbox 1840 1442 1999 1519; x_wconf 87' lang='lat' dir='ltr'>quod</span> 
     </span>
     <span class='ocr_line' id='line_1_18' title="bbox 309 1521 2001 1600; baseline -0.001 -21"><span class='ocrx_word' id='word_1_141' title='bbox 309 1541 426 1580; x_wconf 88' lang='lat' dir='ltr'>non</span> <span class='ocrx_word' id='word_1_142' title='bbox 459 1522 724 1581; x_wconf 82' lang='lat' dir='ltr'>futurum</span> <span class='ocrx_word' id='word_1_143' title='bbox 757 1522 952 1593; x_wconf 86' lang='lat' dir='ltr'>fuerit,</span> <span class='ocrx_word' id='word_1_144' title='bbox 975 1521 1295 1600; x_wconf 89' lang='lat' dir='ltr'>eodemque</span> <span class='ocrx_word' id='word_1_145' title='bbox 1335 1521 1513 1579; x_wconf 90' lang='lat' dir='ltr'>modo</span> <span class='ocrx_word' id='word_1_146' title='bbox 1547 1521 1692 1578; x_wconf 88' lang='lat' dir='ltr'>nihil</span> <span class='ocrx_word' id='word_1_147' title='bbox 1726 1528 1815 1578; x_wconf 89' lang='lat' dir='ltr'>est</span> <span class='ocrx_word' id='word_1_148' title='bbox 1844 1522 2001 1579; x_wconf 87' lang='lat' dir='ltr'>futu-</span> 
     </span>
     <span class='ocr_line' id='line_1_19' title="bbox 308 1601 2001 1678; baseline -0.001 -18"><span class='ocrx_word' id='word_1_149' title='bbox 308 1621 454 1675; x_wconf 86' lang='lat' dir='ltr'>rum,</span> <span class='ocrx_word' id='word_1_150' title='bbox 474 1603 638 1660; x_wconf 83' lang='lat' dir='ltr'>cuius</span> <span class='ocrx_word' id='word_1_151' title='bbox 658 1621 775 1660; x_wconf 91' lang='lat' dir='ltr'>non</span> <span class='ocrx_word' id='word_1_152' title='bbox 797 1621 994 1660; x_wconf 84' lang='lat' dir='ltr'>causas</span> <span class='ocrx_word' id='word_1_153' title='bbox 1013 1601 1076 1659; x_wconf 91' lang='lat' dir='ltr'>id</span> <span class='ocrx_word' id='word_1_154' title='bbox 1097 1602 1291 1678; x_wconf 87' lang='lat' dir='ltr'>ipsum</span> <span class='ocrx_word' id='word_1_155' title='bbox 1318 1601 1627 1660; x_wconf 87' lang='lat' dir='ltr'>efficientes</span> <span class='ocrx_word' id='word_1_156' title='bbox 1646 1607 1850 1659; x_wconf 88' lang='lat' dir='ltr'>natura</span> <span class='ocrx_word' id='word_1_157' title='bbox 1868 1619 2001 1660; x_wconf 87' lang='lat' dir='ltr'>con·</span> 
     </span>
     <span class='ocr_line' id='line_1_20' title="bbox 307 1680 1999 1759; baseline -0.001 -20"><span class='ocrx_word' id='word_1_158' title='bbox 307 1682 506 1740; x_wconf 89' lang='lat' dir='ltr'>tineat.</span> <span class='ocrx_word' id='word_1_159' title='bbox 594 1687 726 1740; x_wconf 81' lang='lat'><strong>126.</strong></span> <span class='ocrx_word' id='word_1_160' title='bbox 763 1681 852 1739; x_wconf 86' lang='lat' dir='ltr'>Ex</span> <span class='ocrx_word' id='word_1_161' title='bbox 873 1701 1006 1759; x_wconf 16' lang='lat' dir='ltr'>*quo</span> <span class='ocrx_word' id='word_1_162' title='bbox 1040 1681 1411 1759; x_wconf 84' lang='lat' dir='ltr'>intellegitur,</span> <span class='ocrx_word' id='word_1_163' title='bbox 1436 1688 1502 1739; x_wconf 91' lang='lat' dir='ltr'>ut</span> <span class='ocrx_word' id='word_1_164' title='bbox 1532 1681 1721 1739; x_wconf 82' lang='lat' dir='ltr'>fatum</span> <span class='ocrx_word' id='word_1_165' title='bbox 1764 1680 1841 1738; x_wconf 91' lang='lat' dir='ltr'>sit</span> <span class='ocrx_word' id='word_1_166' title='bbox 1881 1700 1999 1739; x_wconf 89' lang='lat' dir='ltr'>non</span> 
     </span>
     <span class='ocr_line' id='line_1_21' title="bbox 309 1759 1996 1841; baseline 0 -22"><span class='ocrx_word' id='word_1_167' title='bbox 309 1761 388 1833; x_wconf 89' lang='lat' dir='ltr'>id,</span> <span class='ocrx_word' id='word_1_168' title='bbox 413 1762 572 1840; x_wconf 91' lang='lat' dir='ltr'>quod</span> <span class='ocrx_word' id='word_1_169' title='bbox 613 1763 1026 1841; x_wconf 83' lang='lat' dir='ltr'>superstitiose,</span> <span class='ocrx_word' id='word_1_170' title='bbox 1051 1762 1154 1820; x_wconf 89' lang='lat' dir='ltr'>sed</span> <span class='ocrx_word' id='word_1_171' title='bbox 1192 1762 1271 1834; x_wconf 84' lang='lat' dir='ltr'>id,</span> <span class='ocrx_word' id='word_1_172' title='bbox 1298 1761 1453 1840; x_wconf 91' lang='lat' dir='ltr'>quod</span> <span class='ocrx_word' id='word_1_173' title='bbox 1487 1759 1726 1839; x_wconf 83' lang='lat' dir='ltr'>physice</span> <span class='ocrx_word' id='word_1_174' title='bbox 1768 1760 1996 1834; x_wconf 84' lang='lat' dir='ltr'>dicitur,</span> 
     </span>
     <span class='ocr_line' id='line_1_22' title="bbox 309 1841 1995 1919; baseline -0.001 -18"><span class='ocrx_word' id='word_1_175' title='bbox 309 1862 480 1901; x_wconf 88' lang='lat' dir='ltr'>causa</span> <span class='ocrx_word' id='word_1_176' title='bbox 519 1849 750 1901; x_wconf 87' lang='lat' dir='ltr'>aeterna</span> <span class='ocrx_word' id='word_1_177' title='bbox 788 1862 996 1914; x_wconf 87' lang='lat' dir='ltr'>rerum,</span> <span class='ocrx_word' id='word_1_178' title='bbox 1027 1862 1129 1899; x_wconf 90' lang='lat' dir='ltr'>cur</span> <span class='ocrx_word' id='word_1_179' title='bbox 1170 1849 1232 1899; x_wconf 88' lang='lat' dir='ltr'>et</span> <span class='ocrx_word' id='word_1_180' title='bbox 1270 1861 1353 1912; x_wconf 86' lang='lat' dir='ltr'>ea,</span> <span class='ocrx_word' id='word_1_181' title='bbox 1380 1860 1525 1919; x_wconf 87' lang='lat' dir='ltr'>quae</span> <span class='ocrx_word' id='word_1_182' title='bbox 1564 1841 1995 1918; x_wconf 85' lang='lat' dir='ltr'>praeterierunt,-</span> 
     </span>
     <span class='ocr_line' id='line_1_23' title="bbox 309 1920 2001 2000; baseline -0.001 -21"><span class='ocrx_word' id='word_1_183' title='bbox 309 1923 465 1981; x_wconf 87' lang='lat' dir='ltr'>facta</span> <span class='ocrx_word' id='word_1_184' title='bbox 492 1923 609 1981; x_wconf 87' lang='lat' dir='ltr'>sint</span> <span class='ocrx_word' id='word_1_185' title='bbox 637 1929 696 1981; x_wconf 91' lang='lat' dir='ltr'>et</span> <span class='ocrx_word' id='word_1_186' title='bbox 725 1942 868 2000; x_wconf 86' lang='lat' dir='ltr'>quae</span> <span class='ocrx_word' id='word_1_187' title='bbox 898 1923 1118 1981; x_wconf 86' lang='lat' dir='ltr'>instant</span> <span class='ocrx_word' id='word_1_188' title='bbox 1136 1920 1279 1979; x_wconf 89' lang='lat' dir='ltr'>fiant</span> <span class='ocrx_word' id='word_1_189' title='bbox 1306 1928 1367 1979; x_wconf 89' lang='lat' dir='ltr'>et</span> <span class='ocrx_word' id='word_1_190' title='bbox 1394 1940 1539 1997; x_wconf 85' lang='lat' dir='ltr'>quae</span> <span class='ocrx_word' id='word_1_191' title='bbox 1568 1927 1885 1998; x_wconf 84' lang='lat' dir='ltr'>sequuntur</span> <span class='ocrx_word' id='word_1_192' title='bbox 1912 1921 2001 1989; x_wconf 67' lang='lat' dir='ltr'>fu·</span> 
     </span>
     <span class='ocr_line' id='line_1_24' title="bbox 309 2000 2001 2078; baseline -0.001 -19"><span class='ocrx_word' id='word_1_193' title='bbox 309 2009 440 2060; x_wconf 85' lang='lat' dir='ltr'>tura</span> <span class='ocrx_word' id='word_1_194' title='bbox 480 2003 611 2061; x_wconf 86' lang='lat' dir='ltr'>sint.</span> <span class='ocrx_word' id='word_1_195' title='bbox 697 2002 790 2059; x_wconf 82' lang='lat' dir='ltr'>Ita</span> <span class='ocrx_word' id='word_1_196' title='bbox 829 2002 897 2061; x_wconf 90' lang='lat' dir='ltr'>fit</span> <span class='ocrx_word' id='word_1_197' title='bbox 938 2009 1004 2060; x_wconf 87' lang='lat' dir='ltr'>ut</span> <span class='ocrx_word' id='word_1_198' title='bbox 1045 2008 1106 2059; x_wconf 91' lang='lat' dir='ltr'>et</span> <span class='ocrx_word' id='word_1_199' title='bbox 1147 2001 1543 2059; x_wconf 83' lang='lat' dir='ltr'>observatione</span> <span class='ocrx_word' id='word_1_200' title='bbox 1584 2000 1774 2057; x_wconf 87' lang='lat' dir='ltr'>notari</span> <span class='ocrx_word' id='word_1_201' title='bbox 1815 2000 2001 2078; x_wconf 82' lang='lat' dir='ltr'>possit</span> 
     </span>
     <span class='ocr_line' id='line_1_25' title="bbox 311 2081 1995 2159; baseline -0.001 -20"><span class='ocrx_word' id='word_1_202' title='bbox 311 2101 456 2159; x_wconf 88' lang='lat' dir='ltr'>quae</span> <span class='ocrx_word' id='word_1_203' title='bbox 497 2102 586 2140; x_wconf 88' lang='lat' dir='ltr'>res</span> <span class='ocrx_word' id='word_1_204' title='bbox 629 2100 918 2159; x_wconf 89' lang='lat' dir='ltr'>quamque</span> <span class='ocrx_word' id='word_1_205' title='bbox 957 2100 1187 2139; x_wconf 86' lang='lat' dir='ltr'>causam</span> <span class='ocrx_word' id='word_1_206' title='bbox 1220 2081 1557 2158; x_wconf 88' lang='lat' dir='ltr'>plerumque</span> <span class='ocrx_word' id='word_1_207' title='bbox 1599 2087 1995 2158; x_wconf 83' lang='lat' dir='ltr'>consequatur,</span> 
     </span>
     <span class='ocr_line' id='line_1_26' title="bbox 311 2159 2000 2239; baseline -0.001 -20"><span class='ocrx_word' id='word_1_208' title='bbox 311 2162 485 2220; x_wconf 86' lang='lat' dir='ltr'>etiam</span> <span class='ocrx_word' id='word_1_209' title='bbox 515 2162 563 2219; x_wconf 88' lang='lat' dir='ltr'>si</span> <span class='ocrx_word' id='word_1_210' title='bbox 585 2182 703 2220; x_wconf 89' lang='lat' dir='ltr'>non</span> <span class='ocrx_word' id='word_1_211' title='bbox 731 2180 988 2239; x_wconf 88' lang='lat' dir='ltr'>semper:</span> <span class='ocrx_word' id='word_1_212' title='bbox 1023 2180 1159 2219; x_wconf 91' lang='lat' dir='ltr'>nam</span> <span class='ocrx_word' id='word_1_213' title='bbox 1180 2161 1243 2218; x_wconf 90' lang='lat' dir='ltr'>id</span> <span class='ocrx_word' id='word_1_214' title='bbox 1264 2160 1499 2238; x_wconf 91' lang='lat' dir='ltr'>quidem</span> <span class='ocrx_word' id='word_1_215' title='bbox 1528 2159 1827 2219; x_wconf 79' lang='lat' dir='ltr'>adfirmare</span> <span class='ocrx_word' id='word_1_216' title='bbox 1855 2160 2000 2218; x_wconf 84' lang='lat' dir='ltr'>diffi-</span> 
     </span>
     <span class='ocr_line' id='line_1_27' title="bbox 309 2240 1999 2319; baseline -0.001 -19"><span class='ocrx_word' id='word_1_217' title='bbox 309 2242 426 2315; x_wconf 29' lang='lat' dir='ltr'>cile·</span> <span class='ocrx_word' id='word_1_218' title='bbox 450 2249 569 2300; x_wconf 85' lang='lat' dir='ltr'>est:</span> <span class='ocrx_word' id='word_1_219' title='bbox 613 2242 957 2319; x_wconf 86' lang='lat' dir='ltr'>easdemque</span> <span class='ocrx_word' id='word_1_220' title='bbox 991 2260 1187 2299; x_wconf 83' lang='lat' dir='ltr'>causas</span> <span class='ocrx_word' id='word_1_221' title='bbox 1214 2242 1332 2298; x_wconf 87' lang='lat' dir='ltr'>veri</span> <span class='ocrx_word' id='word_1_222' title='bbox 1360 2240 1547 2299; x_wconf 89' lang='lat' dir='ltr'>simile</span> <span class='ocrx_word' id='word_1_223' title='bbox 1580 2248 1667 2298; x_wconf 91' lang='lat' dir='ltr'>est</span> <span class='ocrx_word' id='word_1_224' title='bbox 1694 2260 1883 2299; x_wconf 86' lang='lat' dir='ltr'>rerum</span> <span class='ocrx_word' id='word_1_225' title='bbox 1910 2242 1999 2299; x_wconf 90' lang='lat' dir='ltr'>fu-</span> 
     </span>
     <span class='ocr_line' id='line_1_28' title="bbox 309 2322 1997 2400; baseline 0 -21"><span class='ocrx_word' id='word_1_226' title='bbox 309 2328 566 2381; x_wconf 86' lang='lat' dir='ltr'>turarum</span> <span class='ocrx_word' id='word_1_227' title='bbox 601 2323 755 2380; x_wconf 88' lang='lat' dir='ltr'>cerni</span> <span class='ocrx_word' id='word_1_228' title='bbox 789 2322 862 2380; x_wconf 89' lang='lat' dir='ltr'>ab</span> <span class='ocrx_word' id='word_1_229' title='bbox 889 2323 978 2392; x_wconf 85' lang='lat' dir='ltr'>iis,</span> <span class='ocrx_word' id='word_1_230' title='bbox 1005 2322 1106 2400; x_wconf 85' lang='lat' dir='ltr'>qui</span> <span class='ocrx_word' id='word_1_231' title='bbox 1138 2329 1239 2379; x_wconf 85' lang='lat' dir='ltr'>aut</span> <span class='ocrx_word' id='word_1_232' title='bbox 1264 2338 1369 2399; x_wconf 85' lang='lat' dir='ltr'>per</span> <span class='ocrx_word' id='word_1_233' title='bbox 1394 2322 1648 2379; x_wconf 84' lang='lat' dir='ltr'>furorem</span> <span class='ocrx_word' id='word_1_234' title='bbox 1682 2340 1777 2379; x_wconf 84' lang='lat' dir='ltr'>eas</span> <span class='ocrx_word' id='word_1_235' title='bbox 1808 2329 1911 2379; x_wconf 88' lang='lat' dir='ltr'>aut</span> <span class='ocrx_word' id='word_1_236' title='bbox 1936 2322 1997 2379; x_wconf 89' lang='lat' dir='ltr'>in</span> 
     </span>
     <span class='ocr_line' id='line_1_29' title="bbox 311 2401 1999 2479; baseline -0.002 -19"><span class='ocrx_word' id='word_1_237' title='bbox 311 2403 506 2479; x_wconf 88' lang='lat' dir='ltr'>quiete</span> <span class='ocrx_word' id='word_1_238' title='bbox 527 2402 776 2460; x_wconf 88' lang='lat' dir='ltr'>videant.</span> <span class='ocrx_word' id='word_1_239' title='bbox 848 2402 1002 2460; x_wconf 90' lang='lat' dir='ltr'><strong>LVI.</strong></span> <span class='ocrx_word' id='word_1_240' title='bbox 1078 2402 1211 2459; x_wconf 83' lang='lat'><strong>127.</strong></span> <span class='ocrx_word' id='word_1_241' title='bbox 1237 2401 1538 2459; x_wconf 85' lang='lat' dir='ltr'>Praeterea</span> <span class='ocrx_word' id='word_1_242' title='bbox 1565 2420 1697 2459; x_wconf 89' lang='lat' dir='ltr'>cum</span> <span class='ocrx_word' id='word_1_243' title='bbox 1724 2402 1851 2459; x_wconf 75' lang='lat' dir='ltr'>fato</span> <span class='ocrx_word' id='word_1_244' title='bbox 1879 2420 1999 2459; x_wconf 89' lang='lat' dir='ltr'>om-</span> 
     </span>
     <span class='ocr_line' id='line_1_30' title="bbox 309 2481 1998 2559; baseline -0.001 -20"><span class='ocrx_word' id='word_1_245' title='bbox 309 2482 408 2539; x_wconf 84' lang='lat' dir='ltr'>nia</span> <span class='ocrx_word' id='word_1_246' title='bbox 425 2481 712 2541; x_wconf 87' lang='lat' dir='ltr'>fiant—id</span> <span class='ocrx_word' id='word_1_247' title='bbox 735 2482 890 2559; x_wconf 90' lang='lat' dir='ltr'>quod</span> <span class='ocrx_word' id='word_1_248' title='bbox 912 2482 1025 2540; x_wconf 92' lang='lat' dir='ltr'>alio</span> <span class='ocrx_word' id='word_1_249' title='bbox 1047 2482 1177 2539; x_wconf 94' lang='lat' dir='ltr'>loco</span> <span class='ocrx_word' id='word_1_250' title='bbox 1206 2481 1669 2540; x_wconf 81' lang='lat' dir='ltr'>ostendetur—si</span> <span class='ocrx_word' id='word_1_251' title='bbox 1692 2482 1821 2557; x_wconf 90' lang='lat' dir='ltr'>quis</span> <span class='ocrx_word' id='word_1_252' title='bbox 1848 2500 1998 2538; x_wconf 89' lang='lat' dir='ltr'>mor-</span> 
     </span>
     <span class='ocr_line' id='line_1_31' title="bbox 309 2560 1997 2640; baseline -0.002 -20"><span class='ocrx_word' id='word_1_253' title='bbox 309 2562 441 2620; x_wconf 85' lang='lat' dir='ltr'>talis</span> <span class='ocrx_word' id='word_1_254' title='bbox 468 2562 654 2640; x_wconf 87' lang='lat' dir='ltr'>possit</span> <span class='ocrx_word' id='word_1_255' title='bbox 674 2580 812 2632; x_wconf 84' lang='lat' dir='ltr'>esse,</span> <span class='ocrx_word' id='word_1_256' title='bbox 834 2563 933 2639; x_wconf 89' lang='lat' dir='ltr'>qui</span> <span class='ocrx_word' id='word_1_257' title='bbox 955 2561 1382 2638; x_wconf 80' lang='lat' dir='ltr'>colligationem</span> <span class='ocrx_word' id='word_1_258' title='bbox 1411 2580 1706 2618; x_wconf 81' lang='lat' dir='ltr'>causarum</span> <span class='ocrx_word' id='word_1_259' title='bbox 1736 2560 1997 2617; x_wconf 91' lang='lat' dir='ltr'>omnium</span> 
     </span>
     <span class='ocr_line' id='line_1_32' title="bbox 309 2639 1997 2719; baseline -0.002 -20"><span class='ocrx_word' id='word_1_260' title='bbox 309 2642 620 2719; x_wconf 86' lang='lat' dir='ltr'>perspiciat</span> <span class='ocrx_word' id='word_1_261' title='bbox 636 2642 847 2712; x_wconf 82' lang='lat' dir='ltr'>anime,</span> <span class='ocrx_word' id='word_1_262' title='bbox 863 2642 1007 2699; x_wconf 89' lang='lat' dir='ltr'>nihil</span> <span class='ocrx_word' id='word_1_263' title='bbox 1030 2661 1161 2700; x_wconf 91' lang='lat' dir='ltr'>eum</span> <span class='ocrx_word' id='word_1_264' title='bbox 1186 2642 1448 2718; x_wconf 86' lang='lat' dir='ltr'>profecto</span> <span class='ocrx_word' id='word_1_265' title='bbox 1470 2641 1647 2697; x_wconf 81' lang='lat' dir='ltr'>fallat.</span> <span class='ocrx_word' id='word_1_266' title='bbox 1706 2639 1820 2708; x_wconf 78' lang='lat' dir='ltr'>Qui</span> <span class='ocrx_word' id='word_1_267' title='bbox 1842 2639 1997 2696; x_wconf 84' lang='lat' dir='ltr'>enim</span> 
     </span>
     <span class='ocr_line' id='line_1_33' title="bbox 309 2721 1999 2791; baseline -0.003 -11"><span class='ocrx_word' id='word_1_268' title='bbox 309 2729 506 2780; x_wconf 86' lang='lat' dir='ltr'>teneat</span> <span class='ocrx_word' id='word_1_269' title='bbox 531 2740 728 2780; x_wconf 87' lang='lat' dir='ltr'>causas</span> <span class='ocrx_word' id='word_1_270' title='bbox 754 2741 942 2780; x_wconf 85' lang='lat' dir='ltr'>rerum</span> <span class='ocrx_word' id='word_1_271' title='bbox 964 2722 1305 2791; x_wconf 83' lang='lat' dir='ltr'>futurarum,</span> <span class='ocrx_word' id='word_1_272' title='bbox 1327 2721 1481 2778; x_wconf 90' lang='lat' dir='ltr'>idem</span> <span class='ocrx_word' id='word_1_273' title='bbox 1508 2738 1736 2777; x_wconf 86' lang='lat' dir='ltr'>necesse</span> <span class='ocrx_word' id='word_1_274' title='bbox 1764 2725 1851 2776; x_wconf 89' lang='lat' dir='ltr'>est</span> <span class='ocrx_word' id='word_1_275' title='bbox 1878 2737 1999 2775; x_wconf 89' lang='lat' dir='ltr'>om-</span> 
     </span>
     <span class='ocr_line' id='line_1_34' title="bbox 310 2797 1999 2879; baseline -0.004 -20"><span class='ocrx_word' id='word_1_276' title='bbox 310 2802 408 2859; x_wconf 87' lang='lat' dir='ltr'>nia</span> <span class='ocrx_word' id='word_1_277' title='bbox 447 2809 657 2873; x_wconf 88' lang='lat' dir='ltr'>teneat,</span> <span class='ocrx_word' id='word_1_278' title='bbox 685 2821 828 2879; x_wconf 86' lang='lat' dir='ltr'>quae</span> <span class='ocrx_word' id='word_1_279' title='bbox 869 2804 1066 2859; x_wconf 86' lang='lat' dir='ltr'>futura</span> <span class='ocrx_word' id='word_1_280' title='bbox 1108 2803 1237 2858; x_wconf 89' lang='lat' dir='ltr'>sint.</span> <span class='ocrx_word' id='word_1_281' title='bbox 1324 2799 1494 2869; x_wconf 79' lang='lat' dir='ltr'>Quod</span> <span class='ocrx_word' id='word_1_282' title='bbox 1538 2818 1669 2857; x_wconf 87' lang='lat' dir='ltr'>cum</span> <span class='ocrx_word' id='word_1_283' title='bbox 1710 2817 1883 2855; x_wconf 91' lang='lat' dir='ltr'>nemo</span> <span class='ocrx_word' id='word_1_284' title='bbox 1916 2797 1999 2854; x_wconf 83' lang='lat' dir='ltr'>fa-</span> 
     </span>
     <span class='ocr_line' id='line_1_35' title="bbox 310 2876 1999 2959; baseline -0.004 -20"><span class='ocrx_word' id='word_1_285' title='bbox 310 2901 436 2939; x_wconf 87' lang='lat' dir='ltr'>cere</span> <span class='ocrx_word' id='word_1_286' title='bbox 480 2882 592 2939; x_wconf 89' lang='lat' dir='ltr'>nisi</span> <span class='ocrx_word' id='word_1_287' title='bbox 635 2882 776 2939; x_wconf 89' lang='lat' dir='ltr'>deus</span> <span class='ocrx_word' id='word_1_288' title='bbox 816 2882 1015 2959; x_wconf 88' lang='lat' dir='ltr'>possit,</span> <span class='ocrx_word' id='word_1_289' title='bbox 1050 2878 1491 2958; x_wconf 88' lang='lat' dir='ltr'>relinquendum</span> <span class='ocrx_word' id='word_1_290' title='bbox 1540 2886 1627 2937; x_wconf 86' lang='lat' dir='ltr'>est</span> <span class='ocrx_word' id='word_1_291' title='bbox 1667 2876 1892 2935; x_wconf 88' lang='lat' dir='ltr'>homini</span> <span class='ocrx_word' id='word_1_292' title='bbox 1930 2883 1999 2934; x_wconf 81' lang='lat' dir='ltr'>ut</span> 
     </span>
     <span class='ocr_line' id='line_1_36' title="bbox 311 2956 1998 3039; baseline -0.002 -21"><span class='ocrx_word' id='word_1_293' title='bbox 311 2962 491 3038; x_wconf 83' lang='lat' dir='ltr'>signis</span> <span class='ocrx_word' id='word_1_294' title='bbox 525 2961 866 3039; x_wconf 89' lang='lat' dir='ltr'>quibusdam</span> <span class='ocrx_word' id='word_1_295' title='bbox 903 2960 1311 3038; x_wconf 82' lang='lat' dir='ltr'>consequentia</span> <span class='ocrx_word' id='word_1_296' title='bbox 1351 2956 1769 3016; x_wconf 84' lang='lat' dir='ltr'>declarantibus</span> <span class='ocrx_word' id='word_1_297' title='bbox 1800 2957 1998 3015; x_wconf 85' lang='lat' dir='ltr'>futura</span> 
     </span>
     <span class='ocr_line' id='line_1_37' title="bbox 309 3036 1997 3118; baseline -0.004 -18"><span class='ocrx_word' id='word_1_298' title='bbox 309 3043 674 3118; x_wconf 85' lang='lat' dir='ltr'>praesentiat.</span> <span class='ocrx_word' id='word_1_299' title='bbox 751 3042 808 3099; x_wconf 92' lang='lat' dir='ltr'>N</span> <span class='ocrx_word' id='word_1_300' title='bbox 811 3061 885 3098; x_wconf 93' lang='lat' dir='ltr'>on</span> <span class='ocrx_word' id='word_1_301' title='bbox 915 3042 1067 3099; x_wconf 81' lang='lat' dir='ltr'>enim</span> <span class='ocrx_word' id='word_1_302' title='bbox 1096 3042 1211 3111; x_wconf 85' lang='lat' dir='ltr'>illa,</span> <span class='ocrx_word' id='word_1_303' title='bbox 1232 3058 1379 3117; x_wconf 89' lang='lat' dir='ltr'>quae</span> <span class='ocrx_word' id='word_1_304' title='bbox 1406 3040 1603 3097; x_wconf 86' lang='lat' dir='ltr'>futura</span> <span class='ocrx_word' id='word_1_305' title='bbox 1630 3043 1779 3108; x_wconf 85' lang='lat' dir='ltr'>sunt,</span> <span class='ocrx_word' id='word_1_306' title='bbox 1806 3036 1997 3093; x_wconf 83' lang='lat' dir='ltr'>subito</span> 
     </span>
     <span class='ocr_line' id='line_1_38' title="bbox 312 3117 1997 3197; baseline -0.003 -19"><span class='ocrx_word' id='word_1_307' title='bbox 312 3123 614 3193; x_wconf 82' lang='lat' dir='ltr'>exsistunt,</span> <span class='ocrx_word' id='word_1_308' title='bbox 633 3121 734 3179; x_wconf 90' lang='lat' dir='ltr'>sed</span> <span class='ocrx_word' id='word_1_309' title='bbox 756 3128 844 3178; x_wconf 85' lang='lat' dir='ltr'>est</span> <span class='ocrx_word' id='word_1_310' title='bbox 865 3122 1025 3197; x_wconf 83' lang='lat' dir='ltr'>quasi</span> <span class='ocrx_word' id='word_1_311' title='bbox 1054 3121 1313 3178; x_wconf 86' lang='lat' dir='ltr'>rudentis</span> <span class='ocrx_word' id='word_1_312' title='bbox 1342 3117 1645 3196; x_wconf 85' lang='lat' dir='ltr'>explicatio</span> <span class='ocrx_word' id='word_1_313' title='bbox 1674 3118 1754 3175; x_wconf 89' lang='lat' dir='ltr'>sic</span> <span class='ocrx_word' id='word_1_314' title='bbox 1775 3118 1997 3174; x_wconf 82' lang='lat' dir='ltr'>traduc-</span> 
     </span>
     <span class='ocr_line' id='line_1_39' title="bbox 311 3197 1998 3275; baseline -0.003 -17"><span class='ocrx_word' id='word_1_315' title='bbox 311 3201 396 3258; x_wconf 88' lang='lat' dir='ltr'>tio</span> <span class='ocrx_word' id='word_1_316' title='bbox 418 3202 697 3275; x_wconf 84' lang='lat' dir='ltr'>temporis</span> <span class='ocrx_word' id='word_1_317' title='bbox 723 3200 869 3258; x_wconf 91' lang='lat' dir='ltr'>nihil</span> <span class='ocrx_word' id='word_1_318' title='bbox 896 3200 1031 3258; x_wconf 82' lang='lat' dir='ltr'>novi</span> <span class='ocrx_word' id='word_1_319' title='bbox 1053 3199 1352 3259; x_wconf 87' lang='lat' dir='ltr'>efficientis</span> <span class='ocrx_word' id='word_1_320' title='bbox 1378 3206 1441 3257; x_wconf 88' lang='lat' dir='ltr'>et</span> <span class='ocrx_word' id='word_1_321' title='bbox 1462 3198 1715 3275; x_wconf 87' lang='lat' dir='ltr'>primum</span> <span class='ocrx_word' id='word_1_322' title='bbox 1746 3197 1998 3275; x_wconf 88' lang='lat' dir='ltr'>quidque</span> 
     </span>
    </p>
   </div>
   <div class='ocr_carea' id='block_1_3' title="bbox 1850 3476 1887 3521">
    <p class='ocr_par' dir='ltr' id='par_1_4' title="bbox 1850 3476 1887 3521">
     <span class='ocr_line' id='line_1_40' title="bbox 1850 3476 1887 3521; baseline 0 0"><span class='ocrx_word' id='word_1_323' title='bbox 1850 3476 1887 3521; x_wconf 70' lang='lat' dir='ltr'><em>A</em></span> 
     </span>
    </p>
   </div>
   <div class='ocr_carea' id='block_1_4' title="bbox 2022 1045 2183 1352">
    <p class='ocr_par' dir='ltr' id='par_1_5' title="bbox 2022 1045 2183 1352">
     <span class='ocr_line' id='line_1_41' title="bbox 2022 1045 2183 1352; baseline 0 0"><span class='ocrx_word' id='word_1_324' title='bbox 2022 1045 2183 1352; x_wconf 60' lang='lat' dir='ltr'>‘l</span> 
     </span>
    </p>
   </div>
  </div>
 </body>
</html>
