2199 3546
198 137 326 185 958
897 130 998 183 Da
1028 127 1236 196 utre.

199 232 364 299 ,loco-
389 230 749 308 Chrysippus
785 237 1050 290 aestuans
1084 230 1212 289 falli
1248 236 1437 308 sperat
1470 229 1789 306 Chaldaeos
1826 249 1913 291 ce-

225 321 492 389 terosque
531 311 758 368 divinos
797 330 982 388 neque
1021 330 1119 369 eos
1140 329 1359 368 -usuros
1398 329 1519 367 esse
1560 310 1913 370 coniunctio·

201 464 206 473 .
225 392 411 462 nibus,
433 400 498 447 ut
520 391 600 447 ita
628 410 730 447 sua
751 398 1020 467 percepta
1039 390 1416 467 pronuntient
1446 391 1480 417 “
1500 389 1560 447 Si
1586 390 1715 466 quis
1741 398 1912 447 natus

227 480 312 529 est
358 473 575 528 oriente
610 469 898 537 Canicula,
935 471 1075 527 isin
1118 470 1264 527 mari
1296 489 1414 527 non
1447 469 1778 541 morietur,'’
1809 470 1913 528 sed

225 552 420 629 potius
448 550 538 607 ita>
557 549 752 607 dicant
787 550 820 577 “
841 549 972 607 Non
1005 557 1062 607 et
1090 559 1259 606 natus
1286 555 1374 607 est
1403 549 1531 625 quis
1559 550 1778 607 oriente
1806 549 1911 607 Ca-

226 630 430 699 nicula,
453 638 512 687 et
539 631 589 687 is
616 630 676 686 in
713 630 855 685 mari
889 628 1218 686 morietur.”
1302 628 1355 687 Ο
1385 628 1675 687 licentiam
1703 628 1913 687 iocula-

225 711 384 768 rem!
467 710 556 767 Ne
600 702 724 786 ipse
769 709 986 766 incidat
1029 709 1090 765 in
1135 708 1480 780 Diodorum,
1524 708 1696 767 docet
1743 706 1912 767 Chal-

225 790 400 847 daeos
447 809 562 866 quo
611 796 782 866 pacto
831 807 929 847 eos
977 807 1261 865 exponere
1308 795 1580 865 percepta
1628 795 1907 865 oporteat.

226 868 450 936 Quaero
483 870 654 941 enim,
691 868 738 925 si
772 867 1045 925 Chaldaei
1078 869 1163 925 ita
1193 868 1516 946 loquantur,
1552 874 1618 926 ut
1658 867 1912 944 negatio-

224 967 326 1004 nes
360 947 709 1006 infinitarum
745 948 1217 1005 coniunctionum
1251 948 1446 1025 potius
1480 967 1651 1025 quam
1686 946 1913 1006 infinita

224 1046 440 1085 conexa
467 1036 702 1105 ponant,
733 1048 834 1085 cur
865 1028 1019 1084 idem
1049 1027 1277 1100 medici,
1307 1047 1409 1085 cur
1435 1034 1779 1105 geometrae,
1809 1047 1912 1088 eur

223 1107 428 1184 reliqui
455 1108 784 1181 facere-non
813 1108 1075 1184 possint?
1136 1107 1394 1165 Medicus
1422 1108 1483 1175 in
1510 1107 1729 1185 primiS,
1754 1106 1911 1183 quod

225 1186 334 1244 erit
366 1188 420 1247 ei
447 1194 807 1263 perspectum
837 1188 896 1261 in
931 1193 1067 1257 arte,
1091 1206 1210 1245 non
1244 1188 1327 1245 ita
1354 1194 1642 1264 proponet
1670 1186 1780 1244 “Si
1816 1187 1912 1244 cui

223 1285 400 1323 venae
429 1268 510 1323 sic
537 1274 856 1338 moventur,
880 1266 929 1324 is
955 1265 1131 1324 habet
1156 1265 1435 1338 febrem‚'’
1466 1266 1565 1324 sed
1586 1267 1783 1345 potius
1809 1266 1910 1324 illo

222 1346 400 1403 modo
432 1347 466 1374 “
485 1346 541 1417 N
545 1366 619 1402 on
649 1346 700 1403 ei
729 1365 903 1403 venae
937 1346 1020 1403 sic
1047 1355 1353 1405 moventur
1379 1353 1437 1404 et
1464 1346 1513 1403 is
1539 1346 1762 1403 febrem
1792 1365 1908 1403 non

223 1424 452 1496 habetss’
545 1425 817 1503 Itemque.
867 1433 1191 1503 geometres
1249 1446 1368 1499 non
1428 1427 1511 1484 ita
1569 1426 1725 1483 dicet
1784 1424 1909 1482 “In

223 1506 463 1581 sphaera
505 1505 742 1563 maximi
785 1505 950 1563 orbes
995 1505 1174 1564 medii
1221 1507 1371 1564 inter
1416 1526 1477 1565 se
1517 1503 1908 1577 dividuntur‚”

224 1585 325 1641 sed
353 1587 547 1662 potius
573 1585 674 1643 illo
706 1586 882 1643 modo
918 1586 952 1613 ‘⁴
972 1586 1028 1642 N
1031 1606 1107 1643 on
1142 1593 1202 1643 et
1228 1594 1362 1643 sunt
1388 1586 1449 1643 in
1483 1584 1725 1663 sphaera
1754 1604 1909 1643 max-

221 1662 327 1722 imi
383 1664 548 1727 orbes
603 1672 662 1723 et
708 1665 750 1722 ii
797 1684 914 1722 non
971 1665 1149 1723 medii
1204 1666 1353 1734 inter
1406 1685 1469 1723 se
1514 1662 1906 1723 dividuntur.”

227 1749 319 1802 16.
364 1743 518 1815 Quid
550 1751 638 1803 est
671 1744 828 1822 quod
862 1764 976 1803 non
1010 1744 1195 1823 possit
1221 1745 1335 1803 isto
1376 1745 1553 1804 modo
1586 1764 1657 1803 ex
1690 1763 1909 1804 conexo

220 1825 516 1882 transferri
557 1825 632 1882 ad
672 1824 1143 1883 coniunctionum
1186 1827 1589 1902 negationem?
1668 1825 1747 1895 Et
1789 1825 1909 1902 qui-

221 1903 356 1961 dem
383 1903 508 1961 aliis
535 1905 724 1962 modis
752 1904 979 1962 easdem
1007 1925 1096 1962 res
1125 1906 1324 1963 efferre
1344 1924 1664 1982 possumus.
1728 1905 1907 1962 Modo

222 1983 343 2040 dixi
379 1983 412 2013 ‘⁴
432 1984 498 2041 In
535 1985 774 2061 sphaera
806 1985 1043 2042 maximi
1076 1985 1243 2043 orbes
1275 1985 1450 2042 medii
1484 1985 1635 2043 inter
1674 2003 1735 2054 sc
1768 1984 1909 2042 divi-

220 2063 440 2122 duntur
457 2063 508 2121 :’'
543 2083 775 2140 possum
812 2063 999 2121 dicere
1035 2064 1068 2091 ‘⁴
1087 2064 1152 2122 Si
1184 2065 1244 2122 in
1280 2064 1519 2142 sphaera
1549 2064 1789 2122 maximi
1822 2083 1909 2122 or-

220 2141 568 2214 bes-erunt‚'’
598 2143 1062 2220 possum-dicere,
1080 2144 1115 2171 ‘⁴
1134 2143 1283 2214 Quia
1309 2145 1372 2202 in
1405 2143 1644 2221 sphaera
1666 2143 1908 2201 maximi

221 2222 388 2280 orbes
415 2222 636 2280 erunt.'’
719 2223 904 2280 Multa
929 2243 1141 2300 genera
1166 2231 1301 2282 sunt
1328 2224 1665 2282 enuntiandi
1690 2243 1798 2281 nec
1828 2222 1907 2280 ul-

213 2299 338 2359 'lum
396 2302 694 2360 distortius
743 2321 914 2379 quam
964 2302 1092 2374 hoc,
1138 2323 1251 2381 quo
1307 2303 1671 2382 Chrysippus
1717 2309 1907 2380 sperat

215 2380 538 2438 Chaldaeos
565 2389 866 2439 contentos
894 2381 1220 2440 Stoicorum
1249 2403 1417 2440 causa
1442 2384 1583 2442 fore.
1668 2449 1678 2454 ,

301 2459 408 2519 ΙΧ.
497 2461 588 2519 17.
626 2460 870 2525 Illorum.
901 2471 1096 2518 tamen
1130 2480 1301 2520 nemo
1330 2463 1413 2520 ita
1438 2462 1727 2540 loquitur:
1770 2463 1907 2520 mai-

219 2561 287 2598 us
321 2547 408 2598 est
441 2541 594 2598 enim
629 2540 732 2598 has
765 2541 1158 2598 contortiones
1195 2542 1469 2600 orationis
1508 2561 1678 2620 quam
1720 2541 1908 2616 signo-

218 2639 346 2677 rum
381 2627 542 2677 ortus
575 2619 879 2698 obitusque
913 2621 1247 2697 perdiscere.
1333 2621 1447 2680 Sed
1479 2621 1554 2678 ad
1582 2620 1737 2678 illam
1768 2621 1908 2678 Dic·

217 2700 346 2757 dori
401 2700 848 2772 contentionem,
892 2720 1062 2777 quam
1121 2701 1236 2775 περὶ
1292 2698 1541 2758 δυνατῶν
1594 2700 1903 2777 appellant,

217 2786 582 2850 revertamur,
612 2779 670 2836 in
709 2799 822 2857 qua
861 2781 1000 2857 quid
1034 2779 1217 2838 valeat
1249 2780 1327 2852 id,
1359 2780 1514 2857 quod
1546 2779 1670 2837 fieri
1702 2779 1903 2857 possit,

217 2860 554 2936 anquiritur.
642 2859 839 2918 Placet
887 2859 1066 2936 igitur
1108 2859 1372 2917 Diodoro
1425 2859 1489 2916 id
1548 2859 1735 2916 solum
1784 2858 1907 2918 fieri

217 2957 401 3015 posse,
439 2939 596 3017 quod
639 2946 738 2996 aut
767 2959 962 2996 verum
1007 2939 1082 2995 sit
1125 2946 1225 2995 aut
1266 2957 1463 2996 verum
1502 2939 1769 2996 futurum
1812 2939 1903 2997 sit.

211 3016 333 3088 ‘Qui
361 3019 520 3076 locus
547 3019 784 3096 attingit
813 3019 959 3075 hanc
989 3017 1398 3096 quaestionem,
1422 3017 1567 3077 nihil
1594 3017 1718 3076 fieri
1748 3017 1906 3095 quod

218 3116 334 3154 non
380 3118 606 3156 necesse
653 3099 844 3168 fuerit,
875 3106 948 3167 et,
982 3095 1266 3175 quidquid
1307 3097 1429 3155 fieri
1470 3098 1671 3176 possit,
1702 3097 1764 3156 id
1805 3104 1905 3156 aut

217 3194 340 3234 esse
369 3178 484 3234 iam
517 3187 618 3234 aut
644 3177 905 3234 futurum
939 3195 1076 3248 esse,
1108 3195 1211 3254 nec
1244 3177 1429 3254 magis
1462 3177 1806 3236 commutari
1834 3196 1905 3238 ex
