2199 3546
200 150 268 200 96
651 148 753 200 DE
785 149 1084 201 NATURA
1119 150 1439 201 DEORUM.

203 251 279 309 ad
312 268 453 328 quas
487 268 687 309 omnes
719 250 842 309 eius
869 251 993 309 viae
1027 251 1351 328 pertinent:
1394 270 1499 327 per
1531 270 1671 327 quas
1698 250 1891 328 lapsus

205 330 366 388 cibus
399 331 460 387 in
487 330 598 387 hoc
631 330 760 408 ipso
793 331 922 387 loco
955 332 1015 387 in
1051 350 1175 387 eam
1206 350 1427 401 venam,
1450 350 1593 407 quae
1628 350 1765 387 cava
1797 351 1893 409 ap-

203 411 464 487 pellatur,
496 410 874 468 confunditur
914 430 1129 487 perque
1171 429 1295 468 eam
1339 410 1412 467 ad
1454 430 1553 467 cor
1593 412 1893 468 confectus

203 490 319 547 iam
365 497 784 567 concentusque
828 490 1157 567 perlabitur,
1188 510 1223 547 a
1266 490 1437 547 corde
1477 496 1670 547 autem
1712 491 1772 547 in
1806 498 1894 548 to-

203 576 331 627 tum
365 588 572 647 corpus
605 569 970 627 distribuitur
996 589 1101 647 per
1127 588 1297 627 venas
1330 570 1643 627 admodum
1679 570 1893 628 multas

203 649 262 707 in
295 668 496 707 omnes
516 656 707 726 partes
727 650 983 727 corporis
1003 649 1370 726 pertinentes,
1452 655 1582 707 138.
1608 649 1793 719 Quem
1818 651 1894 708 ad

203 730 445 787 modum
473 736 666 787 autem
702 728 971 807 reliquiae
1005 729 1120 786 cibi
1148 729 1509 806 depellantur
1532 736 1659 786 tum
1694 731 1893 787 astrin-

203 808 474 885 gentibus
519 828 578 867 se
621 809 928 880 intestiniS‚
957 815 1084 865 tum
1130 807 1515 867 relaxantibus
1558 808 1715 867 haud
1756 829 1891 868 sane

204 888 436 948 difficile
479 890 639 947 dictu
681 895 782 960 est,
808 889 910 946 sed
941 894 1135 946 tamen
1169 889 1644 965 praetereundum
1690 896 1794 960 est,
1818 909 1892 947 ne

206 969 348 1046 quid
373 968 584 1027 habeat
609 968 1048 1026 iniucunditatis
1076 968 1276 1026 oratio.
1362 968 1468 1025 Illa
1494 969 1691 1045 potius
1718 969 1894 1046 expli-

205 1055 368 1107 cetur
393 1047 745 1107 incredibilis
767 1048 984 1105 fabrica
1010 1054 1261 1105 natus-ae.
1332 1047 1483 1105 Nam
1514 1068 1657 1125 quae
1686 1049 1892 1126 spiritu

204 1128 266 1186 in
295 1129 598 1206 pulmones
631 1128 823 1185 anima
855 1128 1101 1199 ducitur,
1126 1147 1193 1186 ea
1224 1128 1453 1186 calescit
1480 1130 1732 1205 primum
1763 1129 1891 1206 ipso

205 1208 279 1267 ab
320 1209 542 1286 spiritu,
573 1208 782 1266 deinde
825 1208 1168 1285 contagione
1210 1208 1570 1285 pulmonum,
1602 1228 1669 1265 ex
1714 1228 1894 1286 eaque

205 1308 336 1366 pars
364 1288 623 1346 redditur
649 1288 1000 1365 respirando,
1020 1307 1151 1365 pars
1179 1288 1503 1365 concipitur
1524 1288 1711 1345 cordis
1731 1297 1893 1366 parte

207 1368 473 1447 quadam,
499 1386 666 1445 quem
704 1368 1083 1426 ventriculum
1128 1368 1317 1426 cordis
1358 1368 1664 1445 appellant,
1689 1369 1781 1426 cui
1824 1369 1894 1425 si-

203 1449 360 1506 milis
403 1448 546 1505 alter
587 1448 890 1505 adiunctus
931 1454 1034 1519 est,
1059 1448 1120 1505 in
1163 1466 1332 1526 quem
1376 1448 1609 1525 sanguis
1642 1468 1677 1505 a
1708 1449 1894 1505 iecore

205 1548 309 1606 per
336 1546 537 1586 venam
568 1527 724 1585 illam
754 1547 947 1585 cavam
979 1526 1186 1585 influit.
1270 1528 1472 1605 quue
1500 1528 1677 1585 modo
1707 1548 1773 1585 ex
1808 1528 1895 1584 his

205 1608 465 1687 partibus
493 1615 552 1665 et
581 1608 812 1684 sanguis
839 1627 942 1685 per
962 1626 1135 1665 venas
1160 1608 1221 1665 in
1253 1627 1423 1665 omne
1450 1626 1659 1685 corpus
1687 1608 1896 1665 diffun-

207 1690 365 1748 ditur
396 1695 455 1746 et
488 1688 723 1764 spiritus
755 1707 858 1764 per
890 1688 1138 1745 arterias,
1224 1688 1520 1781 Utraeque
1555 1695 1747 1745 autem
1781 1707 1898 1745 cre-

206 1768 341 1828 brae
369 1767 697 1845 multaeque
733 1787 971 1846 corpore
998 1775 1127 1826 toto
1156 1768 1409 1826 intextae
1436 1768 1551 1825 vim
1610 1769 1899 1848 quandam

207 1849 600 1908 incredibilem
658 1847 951 1906 artificiosi
1007 1849 1196 1926 operis
1251 1848 1545 1925 divinique
1593 1850 1892 1907 testantur.

212 1935 344 1987 139.
380 1929 538 1999 Quid
570 1929 758 1987 dicam
802 1929 875 1986 de
918 1927 1158 1999 ossibuS,
1184 1947 1327 2006 quae
1370 1927 1625 1986 subiecta
1666 1929 1896 2006 corpori

207 2009 496 2068 mirabiles
530 2008 933 2066 commissuras
966 2007 1183 2066 habent
1212 2016 1269 2066 et
1297 2008 1383 2065 ad-
1400 2007 1771 2066 stabilitatem
1801 2027 1899 2086 ap-

207 2098 298 2148 tas
341 2097 400 2148 et
431 2089 506 2146 ad
549 2096 705 2146 artus
738 2087 1022 2146 finiendos
1067 2088 1529 2146 accommodatas
1570 2096 1629 2146 et
1668 2088 1743 2146 ad
1775 2108 1899 2146 mo-

208 2177 335 2228 tum
380 2176 440 2227 et
483 2169 556 2226 ad
598 2187 828 2226 omnem
877 2169 1133 2244 corporis
1178 2169 1478 2226 actionem.
1570 2167 1706 2226 Huc
1748 2168 1897 2226 adde

209 2268 429 2321 nervosz‚
453 2268 488 2306 a
522 2248 728 2326 quibus
761 2255 917 2305 artus
958 2247 1341 2319 continentur,
1367 2267 1678 2325 eorumque
1710 2247 1900 2325 impli-

209 2330 495 2388 cationem
529 2335 658 2386 toto
701 2345 940 2405 corpore
981 2328 1381 2405 pertinentem,
1408 2328 1507 2404 qui
1541 2328 1688 2385 sicut
1721 2347 1899 2385 venae

211 2417 273 2468 et
299 2409 536 2467 arteriae
569 2427 602 2466 a
635 2408 805 2465 corde
833 2409 1002 2465 tracti
1030 2415 1089 2466 et
1118 2408 1367 2486 profecti
1396 2408 1454 2464 in
1491 2427 1699 2485 corpus
1729 2427 1899 2470 omne

212 2491 514 2548 ducuntur.
599 2487 753 2546 LVI.
843 2493 973 2546 140.
1011 2488 1110 2546 Ad
1152 2489 1299 2544 hanc
1342 2487 1759 2564 providentiam
1806 2507 1902 2544 na-

211 2577 372 2628 turae
399 2575 521 2626 tam
550 2567 882 2645 diligentem
913 2575 1149 2646 tamque
1178 2566 1460 2625 sollertem
1494 2568 1729 2638 adiuuari
1761 2567 1903 2625 mul-

212 2657 274 2708 ta
299 2655 556 2726 possunt,
577 2667 609 2706 e
638 2647 846 2724 quibus
872 2648 1238 2726 intellegatur
1266 2655 1511 2725 quantae
1540 2667 1627 2703 res
1656 2617 1903 2704 Ιῗοιηίῃί-

212 2729 323 2788 bus
355 2748 389 2786 a
421 2728 512 2785 dis
547 2747 832 2806 quamque
867 2729 1108 2786 eximiae
1140 2728 1389 2786 tributae
1424 2728 1571 2784 sint:
1619 2746 1763 2804 quae
1790 2727 1903 2804 pri-

214 2827 373 2867 mum
403 2827 502 2868 eos
527 2808 708 2865 humo
737 2809 1014 2866 excitatos
1042 2807 1223 2865 celsos
1251 2815 1308 2865 et
1331 2815 1551 2865 erectos
1579 2806 1899 2876 constituit,

214 2896 282 2947 ut
303 2889 542 2947 deorum
572 2888 963 2980 cognitionem
993 2887 1212 2945 caelum
1236 2887 1525 2946 intuentes
1553 2905 1753 2964 capere
1775 2906 1899 2964 pos·

215 2976 357 3027 sent.
443 2967 592 3026 Sunt
624 2967 778 3026 enim
821 2987 891 3024 ex
932 2974 1081 3024 terra
1115 2966 1379 3024 homines
1420 2985 1538 3024 non
1582 2975 1648 3024 ut
1680 2965 1903 3023 incolae

215 3055 387 3126 atque
427 3047 795 3118 habitatoreS‚
828 3046 928 3104 sed
970 3046 1133 3123 quasi
1180 3053 1527 3122 spectatores
1570 3065 1902 3124 superarum

215 3147 404 3185 rerum
433 3132 605 3205 atque
632 3126 979 3198 caelestium,
1002 3144 1241 3203 quarum
1272 3125 1657 3203 spectaculum
1689 3126 1762 3183 ad
1784 3125 1903 3183 nul-

215 3206 338 3266 lum
364 3206 521 3264 aliud
540 3225 721 3283 genus
743 3205 1120 3264 animantium
1143 3206 1407 3282 pertinet.
1478 3205 1689 3264 Sensus
1710 3214 1903 3264 autem
