2199 3546
299 567 392 620 18.

289 1810 384 1864 19.

287 2000 429 2059 XII.

281 2596 376 2648 20.

663 151 799 200 LIB.
822 150 892 212 1.‚
914 149 1073 200 CAP.
1095 147 1385 214 IX.-XI1.,
1407 149 1435 211 §
1462 154 1638 204 15-20.
1894 153 1991 206 153

497 249 580 309 Et,
603 250 645 297 si
669 249 918 298 stellarum
943 257 1107 297 motus
1128 263 1402 313 elususque
1418 259 1657 312 vagantes

496 316 657 363 Nosse
681 315 816 375 veliS,
841 329 968 378 quae
991 315 1092 363 siut
1114 316 1368 376 signorum
1392 317 1442 364 in
1467 316 1584 366 sede
1607 317 1817 380 locatae,

489 380 633 441 Quae
656 381 804 429 verbo
826 392 877 429 et
898 380 1034 428 falsis
1059 381 1327 430 Graiorum
1350 381 1552 430 vocibus
1567 392 1748 445 errant,

496 447 570 494 Re
593 461 706 494 vera
728 456 864 494 certo
887 446 1025 507 lapsu
1049 447 1311 509 spatioque
1333 447 1570 508 feruntur,

495 511 676 560 Omnia
699 513 800 559 iam
823 526 996 560 cernes
1019 511 1187 559 diviua
1210 521 1379 560 mente
1404 521 1590 562 notata.

492 577 628 624 Nam
645 577 858 638 primum
877 586 1124 624 astrorum
1143 576 1367 625 volucres
1385 587 1433 626 te
1450 579 1649 626 consule
1667 588 1831 629 motus

493 642 874 704 Concurswque
897 657 1072 702 graves
1093 641 1349 692 stellarum
1371 643 1549 692 ardore
1572 644 1811 693 micantes

491 707 572 756 'l'a
588 722 796 770 quoque,
819 723 934 756 cum
953 707 1171 756 tumulos
1188 707 1389 756 Albano
1406 709 1457 757 in
1476 718 1645 758 moute
1658 711 1845 760 nivales

489 773 734 821 Lustrasti
758 783 810 820 et
830 773 962 822 laeto
981 773 1211 822 mactasti
1232 773 1364 822 lacte
1385 774 1610 835 Latinae,

489 837 677 886 Vidisti
699 852 752 886 et
774 838 908 886 claro
931 837 1167 887 tremulos
1189 839 1369 887 ardore
1388 851 1627 900 cometas,

492 903 752 966 Multaque
769 903 968 952 misceri
987 911 1233 952 nocturna
1254 911 1419 965 strage
1441 907 1655 966 putasti:

493 969 638 1029 Quod
663 971 818 1018 terrae
839 969 1004 1018 dirum
1025 969 1078 1017 in
1101 977 1296 1032 tempus
1317 971 1540 1019 cecidere
1561 971 1785 1034 Latinae,

493 1034 621 1082 Cum
644 1034 830 1084 claram
853 1035 1068 1096 speciem
1090 1043 1321 1084 concreto
1342 1034 1531 1084 lumine
1552 1035 1673 1085 luna

491 1099 702 1148 Abdidit
725 1109 778 1148 et
798 1101 962 1150 subit-o
985 1099 1201 1148 stellanti
1225 1109 1371 1149 nocte
1393 1110 1649 1164 perempta
1668 1109 1761 1152 est.

491 1164 624 1224 Quid
650 1180 766 1214 vero
787 1165 980 1214 Phoebi
1003 1165 1109 1225 fax,
1130 1165 1285 1214 tristis
1306 1166 1482 1215 nuntia
1503 1167 1634 1226 belli,

488 1230 630 1289 Quae
647 1246 887 1291 magnum
906 1231 1215 1278 adcolumen
1232 1230 1489 1280 flammato
1506 1232 1683 1282 ardore
1699 1232 1912 1297 volabat,

485 1295 788 1356 Praecipites
811 1296 934 1345 caeli
957 1305 1121 1359 partes
1142 1297 1403 1360 obitusque
1424 1297 1682 1360 petissem,

486 1360 594 1410 Aut
617 1377 734 1410 cum
759 1361 963 1410 terribili
989 1375 1251 1422 percussus
1273 1361 1481 1411 fulmine
1508 1362 1630 1412 civis

487 1427 626 1477 Luce
649 1427 900 1476 serenanti
922 1427 1094 1476 vitalia
1120 1427 1309 1475 lumina
1329 1427 1492 1491 liquit,

487 1493 593 1540 Aut
617 1507 732 1540 cum
757 1508 812 1542 se
833 1491 1040 1552 gravido
1064 1493 1341 1542 tremefecit
1362 1509 1565 1556 corpore
1586 1494 1769 1544 tellus?

487 1557 598 1605 Iam
622 1573 738 1606 vero
760 1559 928 1607 variae
949 1567 1195 1606 nocturno
1219 1568 1439 1621 tempore
1460 1560 1597 1608 visae

485 1621 752 1672 Terribiles
772 1624 962 1672 formae
987 1623 1168 1672 bellum
1182 1634 1455 1688 motusque
1474 1625 1761 1688 monebant,

483 1687 748 1752 Multaque
770 1703 858 1750 per
881 1696 1036 1736 terras
1058 1698 1196 1738 vates
1218 1690 1385 1738 oracla
1406 1691 1591 1738 furenti

485 1753 696 1803 Pectore
717 1754 1007 1816 fundebant,
1029 1753 1193 1804 tristes
1216 1756 1498 1804 minitantia
1519 1771 1679 1817 casus,

484 1820 654 1883 Atque
675 1836 752 1881 ea,
774 1836 903 1884 quae
924 1820 1063 1885 lapsu
1087 1821 1289 1870 tandem
1314 1822 1535 1871 cecidere
1556 1830 1767 1885 vetusto,

487 1885 628 1935 Haec
653 1886 756 1935 fore
777 1887 1024 1949 perpetuis
1046 1886 1201 1947 siguis
1224 1886 1465 1950 clarisque
1491 1888 1811 1950 frequentans

487 1950 602 2011 Ipse
621 1950 771 1999 deum
793 1952 986 2011 genitor
1001 1952 1141 2001 caelo
1164 1952 1401 2015 terrisque
1422 1953 1646 2001 canebat.

487 2016 535 2063 N
540 2031 634 2063 unc
652 2031 724 2075 ea,
745 2018 995 2079 Torquato
1011 2032 1137 2081 quae
1156 2019 1410 2081 quondam
1431 2026 1483 2067 et
1498 2018 1698 2068 consule
1716 2020 1869 2069 Cotta

485 2079 676 2143 Lydius
698 2082 920 2131 ediderat
941 2082 1225 2145 Tyrrhenae
1246 2084 1409 2143 gentis
1433 2085 1699 2147 haruspex,

487 2146 671 2195 Omnia
693 2146 798 2195 fixa
820 2157 929 2195 tuus
949 2148 1230 2210 glomerans
1252 2150 1554 2197 determinat
1574 2164 1749 2201 annus·

483 2212 616 2260 Nam
641 2220 780 2274 pater
799 2213 1065 2261 altitonans
1088 2214 1305 2263 stellanti
1328 2214 1475 2263 nixus
1501 2214 1717 2279 Olympo

483 2278 597 2338 lpse
620 2292 734 2325 suos
757 2278 1006 2340 quondam
1032 2280 1250 2327 tumulos
1272 2295 1331 2327 ac
1356 2278 1543 2342 templa
1564 2281 1751 2345 pet-ivit,

480 2342 550 2390 Et
575 2342 868 2405 Capitolinis
890 2344 1060 2393 iniecit
1081 2345 1278 2393 sedibus
1300 2345 1457 2405 ignes·

478 2407 610 2455 Tum
635 2409 822 2470 species
845 2424 910 2457 ex
933 2411 1048 2459 aere
1069 2418 1212 2458 vetus
1234 2420 1565 2473 venerataque
1588 2411 1774 2463 Nattae

478 2473 714 2522 Concidit
736 2475 1034 2537 elapsaeque
1053 2484 1249 2525 vetusto
1271 2477 1475 2525 numine
1496 2476 1648 2537 leges,

478 2538 548 2587 Et
569 2540 736 2587 divum
761 2540 1026 2588 simulacra
1048 2541 1258 2603 peremit
1281 2542 1504 2589 fulminis
1528 2542 1690 2592 ardor.

479 2603 580 2653 Hic
604 2604 840 2653 silvestris
863 2613 970 2654 erat
993 2606 1208 2653 Romani
1232 2606 1447 2655 nominis
1469 2607 1638 2668 altrix,

476 2668 680 2729 Martia,
703 2684 832 2732 quae
855 2685 1032 2732 parvos
1057 2672 1303 2719 Mavortis
1326 2672 1515 2720 semine
1535 2682 1681 2721 natos

479 2734 727 2783 Uberibus
750 2736 968 2795 gravidis
991 2736 1129 2783 vitali
1156 2751 1263 2784 rore
1288 2736 1499 2797 rigabat,

477 2799 618 2859 Quae
640 2808 749 2848 tum
777 2815 893 2849 cum
916 2802 1078 2863 pueris
1099 2801 1357 2851 flammato
1375 2801 1599 2850 fulminis
1620 2802 1726 2851 ictu

475 2864 711 2913 Concidit
732 2873 884 2929 atque
903 2866 1074 2914 avulsa
1097 2866 1277 2928 pedum
1300 2868 1510 2927 vestigia
1531 2867 1693 2930 liquit.

474 2928 609 2978 Tum
626 2930 738 2993 quis
757 2946 855 2979 non
873 2931 992 2979 artis
1011 2932 1195 2994 scripta
1207 2946 1267 2979 ac
1283 2940 1609 2981 monumenta
1621 2932 1851 2982 volutans

475 2995 641 3044 Voces
665 2996 916 3045 tristificas
938 2996 1125 3045 chartis
1147 2998 1407 3059 promebat
1430 2996 1654 3046 Etruscis
1672 2998 1697 3046 ἲ

475 3060 668 3110 Omnes
691 3062 886 3110 civilem
909 3076 1147 3122 generosa
1170 3078 1201 3109 a
1223 3063 1375 3125 stirpe
1396 3062 1671 3123 profectam

475 3124 656 3175 Vitare
676 3125 930 3187 ingentem
950 3126 1145 3176 cladem
1166 3135 1454 3190 pestemque
1474 3127 1761 3187 monebant,

475 3190 576 3239 Vel
596 3189 764 3252 legum
789 3192 1000 3241 exitium
1022 3192 1273 3241 constanti
1294 3206 1414 3240 voce
1437 3191 1676 3251 ferebant,
