2199 3546
261 132 326 180 58
705 122 806 174 ΒΕ
835 121 1141 182 NATURA
1170 119 1493 182 Qssossnn..

263 227 519 290 stantius,
604 223 698 282 Ita
728 243 958 282 neeesse
990 230 1080 282 est
1106 222 1259 282 illud
1290 221 1482 293 etiam,
1508 220 1569 278 in
1602 239 1723 298 quo.
1752 219 1833 278 sit
1862 226 1967 278 tm

261 309 377 364 tius
408 312 644 364 naturae
671 304 1044 381 principatus,
1058 307 1191 362 sesse
1218 301 1481 363 omnium
1508 301 1797 378 optimum
1828 319 1959 372 om—

261 386 536 462 niumque
563 403 750 442 rerum
773 389 1058 460 potestate
1079 382 1495 458 dominatuque
1522 380 1953 457 dignissimum.

344 471 436 523 30.
471 464 752 525 Videmus
783 469 976 522 autem
1009 462 1071 528 in
1106 461 1365 539 partibus
1397 459 1829 520 mundi—nihil
1862 466 1964 518 est

261 543 509 606 enim-in
543 543 706 604 omni
735 542 958 602 mundo
993 542 1153 619 quod
1182 559 1302 609 non
1334 559 1469 617 pars
1508 539 1759 598 universi
1790 539 1964 597 sit-
2025 549 2031 556 ‘

262 625 445 681 inesse
467 641 696 682 sensum
719 628 784 684 et
802 622 1101 680 rationem.
1170 620 1240 678 Iu
1270 639 1338 680 ea
1356 626 1522 697 parte
1541 618 1719 697 igitur
1745 619 1806 676 in
1836 637 1959 696 qua

262 703 466 761 mundi
509 702 658 760 inest
689 701 1061 779 principatus,
1091 700 1457 758 haee-inesse
1500 717 1747 768 neeesse,
1768 706 1859 756 est
1892 705 1959 756 et

262 783 481 842 acriora
511 781 746 860 quidem
779 788 952 859 atque
983 780 1233 838 maiora.-
1310 778 1593 848 Quocirca
1632 778 1955 856 sapientem

263 882 386 921 esse
417 862 699 922 mundum
733 879 962 920 necesse
991 867 1083 920 est
1111 866 1489 936 naturamque
1521 877 1647 918 eam
1683 875 1829 936 quae
1861 875 1959 916 res

263 961 466 1002 omnes
498 941 798 1019 complexa
827 947 1022 1000 teneat
1054 937 1411 1017 perfectione
1446 938 1686 997 rationis
1718 937 1959 996 excelle·—

264 1042 340 1092 re,
358 1041 544 1099 eoque
569 1021 744 1080 deum
773 1039 894 1079 esse
920 1020 1204 1078 mundum
1230 1035 1579 1096 omnemque
1600 1019 1719 1076 vim
1744 1017 1957 1076 mundi

265 1108 469 1160 natura
495 1100 694 1158 divina
717 1100 1015 1158 contineri.
1083 1098 1283 1176 Atque
1302 1099 1479 1157 etiam
1502 1098 1706 1156 mundi
1726 1097 1821 1155 ille
1841 1097 1959 1156 fer·

265 1201 370 1240 vor
395 1180 610 1258 purior,
628 1179 980 1258 perlucidior.
999 1178 1385 1256 mobiliorque
1410 1178 1607 1238 multo-
1623 1185 1712 1238 est
1732 1177 1809 1235 ob
1836 1195 1961 1238 east

267 1281 377 1338 que
405 1278 602 1320 causas
628 1259 818 1338 aptior
849 1259 922 1316 ad
947 1277 1150 1318 sensus
1180 1257 1630 1316 commovendos
1656 1275 1828 1336 quam
1858 1256 1957 1315 hio

265 1347 461 1399 noster
493 1339 660 1412 calor,
684 1358 800 1417 quo
826 1338 968 1398 haee
999 1357 1149 1416 quae
1174 1346 1316 1396 nota
1346 1338 1517 1396 nobis
1534 1344 1683 1396 sunt
1709 1337 1958 1396 retinen-

267 1427 363 1478 tur
389 1427 449 1478 et
475 1419 688 1496 vigent.
773 1424 867 1476 31.
899 1417 1236 1477 Absurdum
1270 1425 1357 1476 est
1386 1418 1564 1495 igitur
1588 1417 1797 1488 dieere,
1820 1435 1955 1474 eum

267 1499 532 1560 homines
551 1498 878 1576 bestiaeque
900 1498 1012 1557 hoe.
1039 1498 1226 1556 calore
1245 1505 1548 1556 teneantur
1573 1504 1634 1555 et
1652 1503 1959 1575 propterea

267 1585 608 1638 moveantur
633 1597 705 1644 ,ae
739 1577 990 1639 sentiant
1016 1577 1297 1636 mundum
1334 1597 1458 1636 esse
1489 1578 1611 1635 sine
1643 1595 1829 1647 sensu,
1854 1576 1957 1653 qui

267 1660 494 1737 integro
522 1665 582 1718 et
608 1677 754 1737 puro
787 1665 848 1718 et
874 1657 1055 1716 libero
1079 1657 1409 1735 *eodemque
1442 1656 1715 1717 acerrimo
1750 1663 1809 1716 et
1834 1673 1958 1713 mo-

269 1739 550 1799 bilissimo
590 1739 792 1797 ardore
823 1744 1103 1808 teneatur,
1132 1736 1467 1816 praesertim
1508 1755 1639 1797 cum
1672 1737 1724 1795 is
1766 1736 1956 1807 ardor,=

270 1822 370 1899 qui
401 1828 490 1883 est
521 1820 741 1892 mundi,
773 1838 891 1876 non
931 1819 1183 1896 agitatus
1223 1818 1307 1876 ab'
1338 1818 1463 1876 alio
1493 1836 1679 1895 neque
1721 1824 1957 1887 externo

268 1899 456 1977 pulsu,
475 1900 577 1958 sed
597 1918 700 1977 per
727 1918 788 1959 se
814 1898 938 1975 ipse
964 1918 1030 1960 ae
1053 1918 1161 1958 -sua
1188 1904 1393 1975 sponte
1420 1905 1733 1957 moveatur.
1802 1896 1861 1955 N
1861 1915 1957 1956 am

271 1980 414 2057 quid
446 1986 642 2057 potest
675 1998 796 2037 esse
827 1979 1050 2043 mundo
1076 1978 1359 2054 valentius
1393 1977 1549 2055 quod
1577 1977 1753 2055 pellat
1784 1983 1960 2054 atque⁴

270 2067 501 2119 moveat
541 2059 784 2117 calorem
827 2078 960 2117 eum
1003 2076 1119 2137 quo
1160 2057 1257 2116 ille
1297 2064 1559 2117 teneatur
1574 2058 1601 2116 9-
1675 2056 1813 2115 XII.
1860 2061 1957 2115 32.

153 2202 168 2213 ,
272 2139 598 2199 Audiamus
617 2140 773 2198 enim
795 2138 1101 2197 Platonem
1124 2137 1287 2215 quasi
1308 2138 1597 2215 quendam
1628 2138 1801 2197 deum
1834 2138 1959 2215 phi-

272 2217 676 2295 losophorum:
711 2218 806 2275 eui
825 2217 972 2275 duos
991 2217 1183 2295 placet
1200 2236 1323 2275 esse
1344 2224 1555 2287 motus,
1568 2234 1749 2273 unum
1770 2234 1955 2287 suum,

174 2321 181 2328 ·
273 2298 513 2357 alterum
557 2304 873 2367 externum,
903 2314 1026 2354 esse
1065 2304 1258 2355 autem
1293 2296 1545 2355 divinius
1578 2295 1735 2373 quod
1766 2296 1957 2372 ipsum

274 2396 344 2435 ex
373 2396 434 2433 se
461 2394 564 2434 sua
591 2383 796 2453 sponte
823 2382 1122 2435 moveatur
1142 2395 1315 2453 quam
1338 2376 1495 2453 quod
1516 2374 1685 2454 pulsu
1711 2375 1960 2452 agitetur

275 2457 479 2515 alieno,
551 2455 726 2513 Hune
750 2461 946 2513 autem
974 2463 1202 2513 motum
1224 2456 1286 2513 in
1314 2455 1450 2513 solis
1477 2456 1686 2513 animis
1712 2474 1834 2513 esse
1862 2474 1961 2532 po-

274 2536 365 2594 nit
396 2535 470 2594 ab
502 2535 686 2612 iisque
718 2534 1070 2613 principium
1111 2542 1323 2593 motus
1346 2554 1467 2593 esse
1500 2535 1742 2593 duc-tum
1774 2540 1955 2612 putat.

276 2615 655 2693 Quapropter,
681 2615 955 2692 quoniam·
983 2635 1052 2673 ex
1081 2616 1285 2673 mundi
1311 2615 1515 2673 ardore
1546 2622 1741 2672 motus
1773 2613 1961 2671 omnis

277 2696 474 2767 oritur,
505 2695 554 2752 is
596 2703 790 2758 autem
832 2695 1002 2753 ardor
1041 2714 1159 2753 non
1201 2695 1389 2753 alieno
1428 2694 1697 2772 impulsu,
1728 2688 1831 2751 'sed
1860 2710 1961 2751 sua

276 2781 484 2852 sponte
516 2782 798 2847 movetur,
823 2776 1047 2833 animus
1081 2776 1158 2832 sit
1183 2793 1411 2832 neeesse
1438 2782 1557 2832 est:
1602 2792 1672 2831 ex
1706 2792 1821 2851 quo
1850 2771 1961 2831 effi-

277 2854 428 2912 citur
454 2854 808 2913 animantem
837 2873 958 2912 esse
985 2853 1285 2911 mundum.
1362 2853 1561 2929 Atque
1588 2870 1657 2909 ex
1687 2852 1798 2917 hoe
1827 2870 1962 2929 quo·

279 2952 390 3010 que
412 2932 670 3011 intellegi
691 2934 907 3011 poterit
927 2934 986 2990 in
1015 2951 1088 2989 eo
1114 2933 1297 2989 inesse
1318 2931 1787 3008 intellegentiam,
1808 2931 1962 3008 quod

279 3019 432 3070 certe
459 3019 548 3069 est
567 3013 819 3070 mundus
846 3012 1050 3069 melior
1068 3028 1244 3085 quam
1270 3010 1387 3068 ulla
1412 3017 1631 3068 natura.
1701 3010 1791 3069 Ut
1811 3011 1961 3069 enim

283 3091 438 3148 nulla
468 3110 601 3168 pars
641 3098 729 3149 est
761 3091 1015 3166 corporis
1055 3089 1237 3145 nostri
1272 3108 1417 3165 quae
1458 3108 1576 3146 non
1619 3089 1695 3146 sit
1726 3090 1962 3148 minoris

283 3190 455 3247 quam
477 3176 707 3229 nosmet
726 3170 837 3245 ipsi
859 3187 1071 3237 sumne,
1088 3167 1169 3223 sic
1190 3168 1471 3225 mundum
1495 3168 1823 3228 universum
1846 3169 1962 3246 plu-

417 3433 706 3505 Α
