2199 3546
689 165 830 217 Lm.
851 165 954 228 IL,
976 165 1137 217 cAP.
1158 165 1395 229 11.-1v.‚
1414 163 1445 226 ς
1468 167 1615 216 6-11.
1933 168 1997 216 ει

307 266 678 346 reperiemur,
701 267 996 344 religione,
1018 267 1080 326 id
1108 275 1213 339 est,
1236 267 1397 326 cultu
1428 267 1667 329 «borum
1696 266 1881 326 multo
1910 287 2001 325 su-

306 348 576 426 periores.
663 353 716 405 9.
761 348 859 404 An
888 347 1020 405 Atti
1049 347 1107 404 N
1108 349 1221 406 avii
1254 348 1431 406 lituus
1463 348 1575 420 ille,
1596 367 1711 426 quo
1745 347 1819 405 ad
1848 349 1999 406 inve-

309 427 642 505 stigandum
671 447 829 486 suem
860 427 1127 504 regiones
1153 428 1351 486 vineae
1378 429 1725 499 terminavit,
1746 436 2000 486 contem-

299 507 536 567 ·nendus
555 507 680 566 esti
760 506 1084 579 Crederem,
1105 507 1217 566 nisi
1245 508 1369 566 eius
1401 509 1641 585 augurio
1674 527 1771 566 rex
1800 508 2000 566 Hosti-

309 587 422 646 lius
459 587 712 646 maxima
741 587 894 646 bella
923 588 1205 665 gessisset..
1288 585 1407 646 Sed
1440 587 1805 666 neglegent-ia
1837 589 1999 647 nobi-

307 668 490 726 litatis
529 667 755 745 augurii
789 667 1096 745 disciplina
1126 668 1341 726 omissa
1370 669 1579 726 veritas
1611 669 1997 746 auspiciorum

307 756 502 825 spreta
527 754 632 819 est,
657 748 875 824 species
902 755 1129 806 tantum
1158 755 1395 806 retenta.
1483 748 1687 825 Itaque
1714 749 1998 806 maximae

308 829 390 886 rei
423 827 686 905 publicae
717 834 924 904 partes,
955 827 1016 885 in
1049 826 1144 885 his
1176 827 1341 899 bella,
1372 828 1581 906 quibus
1620 828 1703 886 rei
1736 827 1997 906 publicae

308 907 460 966 salus
487 908 832 978 continetur,
855 907 1026 964 nullis
1046 908 1317 984 auspiciis
1337 908 1827 979 administrantur,
1846 908 2000 966 nulla

307 988 582 1064 perennia
621 995 932 1058 servantur,
961 987 1120 1045 nulla
1151 1007 1221 1046 ex
1254 987 1633 1059 acuminibus,
1664 988 1834 1059 nulla,
1864 1007 1997 1046 cum

309 1067 418 1124 viri
450 1075 742 1139 vocantur,
766 1087 837 1125 ex
871 1087 987 1146 quo
1020 1068 1080 1124 in
1116 1068 1417 1144 procinctu
1448 1075 1797 1126 testamenta
1820 1069 1999 1145 perie-

307 1154 460 1206 runt.
535 1147 686 1206 Tum
713 1148 870 1205 enim
892 1147 1042 1206 bella
1067 1167 1263 1224 gerere
1292 1149 1475 1206 nostri
1496 1148 1672 1206 duces
1690 1148 1995 1225 incipiunt,

303 1246 440 1285 cum
469 1227 724 1304 auspicia
749 1235 1082 1304 posuerunt.
1172 1234 1263 1286 10.
1300 1228 1385 1286 At
1406 1247 1541 1285 vero
1570 1228 1726 1305 apud
1754 1228 1999 1286 maiores

307 1313 470 1366 tanta
495 1307 790 1384 religionis
810 1308 898 1364 vis
917 1308 1050 1379 fuit,
1069 1314 1137 1366 ut
1158 1308 1391 1386 quidam
1422 1309 1795 1385 imperatores
1822 1308 1997 1366 etiam

307 1405 368 1445 se
401 1386 560 1464 ipsos
591 1387 682 1444 dis
713 1387 1139 1445 immortalibus
1170 1388 1359 1466 capite
1391 1388 1579 1446 velato
1606 1387 1795 1445 verbis
1826 1389 1999 1446 certis

307 1485 416 1544 pro
435 1486 496 1525 re
513 1466 752 1544 publica.
764 1467 1127 1526 devoverent.
1190 1465 1377 1526 Multa
1394 1487 1465 1526 ex
1486 1467 1787 1546 Sibyllinis
1804 1468 1999 1526 vatici-

306 1546 655 1618 nationibus,
665 1546 852 1606 multa
866 1567 936 1606 ex
953 1546 1321 1625 haruspicum
1343 1549 1631 1625 responsis
1650 1567 1999 1606 commemo·-

303 1645 430 1685 rare
458 1646 712 1705 possum,
737 1627 946 1705 quibus
979 1647 1048 1688 ea
1077 1627 1505 1700 confirmentur,
1526 1647 1671 1706 quae
1700 1627 1879 1686 dubia
1903 1647 1998 1686 ne-

305 1707 449 1766 mini
473 1706 688 1766 debent
707 1726 844 1766 esse.
932 1707 1038 1766 IV.
1068 1708 1255 1787 Atqui
1276 1716 1335 1767 et
1357 1717 1683 1766 nostrorum
1712 1727 1995 1787 augurum

306 1797 368 1846 et
383 1788 752 1847 Etruscorum
773 1788 1141 1867 haruspicum
1162 1788 1525 1867 disciplinam
1551 1788 1617 1846 P.
1636 1788 1907 1867 Scipione
1928 1788 1993 1846 O.

307 1867 514 1945 Figulo
557 1868 888 1927 consulibus
923 1888 1014 1926 res
1043 1869 1173 1947 ipsa
1208 1868 1507 1947 probavit:
1552 1888 1698 1946 quos
1739 1888 1871 1925 cum
1906 1868 1993 1927 Ti.

305 1948 600 2007 Gracchus
639 1949 840 2007 consul
873 1949 1082 2007 iterum
1126 1955 1357 2020 crearet,
1388 1949 1609 2026 primus
1650 1954 1901 2025 rogator,
1930 1956 1999 2007 ut

305 2048 406 2087 eos
437 2028 679 2100 rettulit,
703 2029 922 2087 ibidem
955 2036 1045 2087 est
1075 2035 1311 2107 repente
1344 2036 1623 2086 mortuus.
1704 2026 1997 2085 Gracchus

307 2128 438 2169 cum
467 2110 706 2167 comitia
721 2109 914 2167 nihilo
941 2109 1136 2167 minus
1163 2107 1475 2187 peregisset
1502 2126 1735 2185 remque
1756 2104 1912 2165 illam
1936 2109 1996 2166 in

305 2189 644 2267 religionem
675 2189 896 2267 populo
929 2189 1155 2247 venisse
1192 2188 1445 2259 sentiret,
1477 2188 1551 2245 ad
1586 2194 1845 2245 senatum
1888 2195 1997 2246 ret—

304 2269 462 2328 tulit.
540 2268 786 2327 Senatus
817 2288 970 2347 quos
1001 2268 1077 2327 ad
1110 2269 1319 2328 soleret
1349 2268 1715 2329 referendum
1757 2269 1993 2327 censuit.

305 2348 656 2427 Haruspices
676 2349 993 2407 introducti
1011 2349 1431 2426 responderunt
1446 2368 1565 2406 non
1583 2348 1763 2407 fuisse
1777 2348 1995 2405 iustum

305 2430 671 2487 comitiorum
701 2437 1043 2507 rogatorem.
1133 2436 1224 2488 11.
1260 2429 1408 2489 Tum
1438 2428 1745 2501 Gracchus,
1762 2436 1831 2485 ut
1850 2448 1881 2485 e
1901 2448 1999 2505 pa-

303 2517 392 2567 tre
435 2509 755 2580 audiebam,
785 2510 1052 2567 incensus
1091 2510 1209 2568 ira:
1256 2511 1291 2537 ‘⁴
1311 2510 1478 2569 Itane⁴
1508 2508 1683 2567 vero?
1723 2526 1833 2585 ego
1875 2528 1994 2565 non

304 2590 506 2660 iusum,
543 2590 641 2667 qui
683 2596 750 2647 et
785 2590 982 2649 consul
1024 2590 1223 2666 rogavi
1258 2597 1317 2649 et
1348 2608 1533 2667 augur
1573 2596 1633 2647 et
1664 2588 1995 2665 auspicato?

304 2688 378 2727 an
409 2688 528 2741 vos,
549 2669 724 2727 Tusci
751 2688 820 2727 ac
845 2669 1088 2741 barbari,
1109 2670 1491 2748 auspiciorum
1522 2669 1725 2747 populi
1747 2668 1995 2726 Romani

303 2749 396 2807 ius
423 2750 634 2807 tenetis
661 2756 726 2807 et
747 2750 1088 2827 interpretes
1114 2768 1239 2808 esse
1267 2750 1635 2808 comitiorum
1664 2749 1908 2827 potestis
1924 2748 1991 2806 2⁹⁹

305 2828 396 2887 Ita
438 2848 510 2887 ue
537 2836 664 2887 tum
693 2829 824 2887 illos
856 2830 1010 2887 exire
1037 2830 1221 2888 iussit.
1307 2830 1453 2887 Post
1478 2837 1673 2887 autem
1708 2849 1739 2887 e
1768 2829 1996 2906 provin-

303 2848 646 2968 cia‘iiueras
667 2910 745 2969 ad
771 2909 1077 2987 collegium
1106 2910 1269 2967 misit
1296 2929 1371 2981 se,
1396 2928 1527 2967 cum
1558 2910 1773 2986 legeret
1800 2908 1993 2979 libros,

303 2989 669 3059 recordatum
697 3006 819 3047 esse
839 2989 984 3048 vitio
1013 2990 1123 3047 sibi
1144 2989 1572 3047 tabernaculum
1603 2994 1833 3065 captum
1857 2986 1997 3043 fuis-

303 3088 369 3127 se⁴
389 3064 618 3143 [hortos
639 3064 970 3148 Scipionis],
992 3069 1165 3147 quod,
1186 3088 1315 3127 cum
1338 3068 1662 3147 pomerium
1685 3074 1888 3145 post-ea
1915 3066 1999 3121 in—

303 3156 512 3208 trasset
530 3149 783 3208 habendi
805 3158 1036 3209 senatus
1061 3168 1247 3221 causa,
1266 3150 1327 3206 in
1355 3148 1665 3219 redeundO,
1686 3166 1817 3205 cum
1841 3144 2001 3202 idem

305 3230 632 3309 pomerium
673 3231 956 3302 transiret,
991 3230 1276 3307 auspicari
1318 3236 1466 3287 esset
1508 3228 1759 3287 oblitus:
1802 3227 2008 3297 itaque

2187 1880 2192 1943 A
