2199 3546
551 132 691 181 Lm.
723 131 820 193 11„
843 132 1002 184 CAP.
1026 131 1481 194 Lxx-mxu„
1508 131 1537 191 ς
1568 133 1809 183 145-150.
1928 135 2028 183 249

343 231 430 290 illi
455 231 709 308 ipsi,.qui
737 249 806 288 ea
829 231 1044 302 vident,
1068 231 1213 288 nihil
1240 231 1516 304 divinent,
1541 231 1601 304 ii,
1626 233 1727 309 qui
1753 233 2027 309 interpre-

343 317 554 382 tantur,
595 311 980 368 coniecturam
1025 310 1352 382 adhibeant,
1382 330 1501 368 non
1548 319 1826 383 naturam,
1864 331 2025 369 casus

339 397 536 448 autem
580 389 1090 448 innumerabilibus
1134 409 1315 467 paene
1362 390 1599 448 saeculis
1646 392 1705 448 in
1757 391 2025 448 omnibus

343 468 510 545 plura
547 468 830 526 mirabilia
871 489 1042 546 quam
1083 470 1144 526 in
1188 469 1541 527 somniorum
1585 471 1719 527 visis
1753 471 2022 542 effecerit,

342 568 528 626 neque
569 550 910 620 coniectura,
943 569 1086 627 quae
1122 550 1187 607 in
1220 549 1402 606 varias
1433 556 1623 627 partes
1656 550 1791 608 duci
1821 551 2022 628 possit,

343 647 458 685 non
495 647 802 706 numquam
843 630 1016 685 etiam
1049 629 1111 686 in
1144 629 1455 686 contrarias
1488 629 1801 706 quidquam
1836 630 1911 688 sit
1941 630 2027 687 in·-

343 708 565 768 certiuS.
665 707 912 766 Lxxil.
1001 713 1133 766 148.
1191 708 1548 786 Explodatur
1603 709 1739 766 haec
1796 728 2025 786 quoque

343 788 698 844 somniorum
733 788 1012 844 divinatio
1045 788 1260 864 pariter
1292 807 1422 845 cum
1456 788 1673 846 ceteris·
1759 787 1928 860 Nam,
1961 795 2026 846 ut

323 862 470 924 'vere
503 867 822 944 loquamur,
847 868 1179 944 superstitio
1210 867 1343 924 fusa
1372 887 1475 944 per
1506 875 1707 944 gentes
1740 869 2025 944 oppressit

341 947 602 1004 omnium
630 947 752 1004 fere
785 947 1007 1004 animos
1039 953 1213 1024 atque
1242 946 1543 1004 hominum
1572 946 2023 1006 imbecillitatem

341 1027 658 1102 occupavit.
743 1025 915 1095 Quod
944 1033 1003 1083 et
1029 1026 1091 1083 in
1120 1026 1191 1082 iis
1213 1025 1373 1084 libris
1394 1025 1616 1084 dictum
1644 1034 1747 1098 est,
1770 1027 2026 1104 quisunt

341 1105 413 1162 de
459 1112 659 1163 natura
700 1105 956 1177 deorum,
994 1113 1053 1163 et
1093 1105 1201 1164 hac
1242 1105 1631 1183 disputatione
1672 1106 1735 1165 id
1775 1108 2025 1165 maxime

340 1185 578 1262 egimus
665 1184 912 1242 Multum
947 1186 1105 1244 enim
1138 1193 1197 1243 et
1228 1185 1518 1244 nobismet
1548 1187 1690 1265 ipsis
1722 1194 1783 1245 et
1814 1188 2026 1244 nostris

340 1265 630 1340 profuturi
663 1264 1014 1336 videbamur,
1045 1266 1094 1322 si
1128 1285 1253 1323 eam
1286 1266 1551 1324 funditus
1584 1267 2023 1324 sustulissemus

342 1343 400 1400 N
402 1363 465 1401 ec
500 1345 773 1401 vero—id
807 1345 960 1402 enim
996 1344 1302 1422 diligenter
1332 1345 1591 1421 intellegi
1623 1347 2028 1422 volo—super-

340 1421 578 1481 stitione
619 1423 874 1481 tollenda
912 1423 1113 1500 religio
1148 1423 1381 1481 tollitur.
1467 1424 1619 1482 Nam
1652 1431 1712 1482 et
1743 1425 2025 1482 maiorum

341 1503 609 1560 instituta
638 1504 788 1561 tueri
821 1504 992 1560 sacris
1027 1503 1501 1581 caerimoniisque
1534 1503 1849 1562 retinendis
1883 1505 2029 1581 sapi-

341 1583 493 1639 entis
534 1590 620 1640 est
661 1591 721 1640 et
761 1602 883 1640 esse
915 1589 1301 1659 praestantem
1334 1582 1583 1660 aliquam
1624 1590 2027 1661 aeternamque

341 1669 606 1720 naturam
634 1669 693 1720 et
721 1682 844 1719 eam
876 1663 1297 1738 suspiciendam
1318 1662 1823 1740 admirandamque
1846 1663 2029 1722 homi-

341 1761 483 1800 num
511 1743 707 1819 generi
735 1741 1103 1820 pulchritudo
1132 1742 1335 1801 mundi
1357 1742 1611 1821 ordoque
1639 1762 1827 1801 rerum
1856 1742 2029 1801 caele-

343 1823 520 1880 stium
548 1823 706 1899 cogit
733 1822 1005 1881 confiteri.
1096 1828 1226 1880 149.
1272 1822 1457 1890 Quam
1482 1824 1555 1880 ob
1577 1842 1715 1895 rem,
1741 1830 1805 1881 ut
1826 1823 2027 1900 religio

283 1966 287 1971 ,
343 1902 718 1980 propaganda
749 1902 922 1960 etiam
952 1909 1054 1974 est,
1079 1921 1223 1979 quae
1253 1908 1340 1960 est
1367 1903 1562 1960 iuncta
1588 1922 1720 1960 cum
1748 1903 2029 1980 cognitio-

343 2002 416 2041 ne
445 1990 696 2053 naturae,
722 1982 802 2039 sic
830 1982 1251 2059 superstit-ionis
1274 1982 1479 2059 stirpes
1500 2000 1699 2039 omnes
1722 1982 2023 2039 eiciendae.

346 2063 533 2120 Instat
565 2062 718 2120 enim
753 2069 812 2119 et
844 2069 1010 2139 urget
1043 2068 1104 2119 et
1132 2080 1246 2138 quo
1274 2068 1333 2120 te
1367 2081 1612 2139 cumque
1639 2062 1872 2120 verteris
1904 2082 2028 2139 per-

345 2136 619 2220 sequitur,
651 2142 768 2199 sive
810 2148 875 2199 tu
919 2148 1109 2199 vatem
1152 2142 1270 2199 sive
1303 2148 1367 2199 tu
1402 2161 1567 2199 omen
1615 2141 1877 2213 audieris,
1909 2142 2026 2199 sive

344 2222 660 2280 immolaris
693 2222 810 2279 sive
845 2241 1007 2279 avem
1041 2221 1341 2299 aspexeriS,
1366 2222 1415 2279 si
1449 2221 1820 2294 Chaldaeum,
1852 2222 1900 2279 si
1931 2220 2028 2278 ha-

345 2302 628 2379 ruspicem
659 2301 882 2372 videriS,
907 2302 956 2359 si
984 2300 1225 2373 fulserit,
1250 2302 1297 2359 si
1327 2302 1595 2374 tonuerit,
1617 2302 1664 2359 si
1684 2308 1902 2360 tactum
1932 2300 2028 2358 ali-

347 2382 487 2459 quid
521 2382 630 2439 erit
661 2381 734 2439 de
767 2381 939 2453 cae10,
965 2381 1013 2439 si
1042 2382 1254 2440 ostenti
1287 2381 1471 2439 simile
1506 2389 1705 2440 natum
1738 2383 2027 2439 factumve

347 2462 678 2539 quippiam:
729 2480 974 2539 quorum
1021 2480 1247 2519 necesse
1296 2469 1383 2519 est
1429 2462 1763 2539 plerumque
1812 2460 2028 2538 aliquid

347 2542 572 2599 eveniat
603 2549 669 2598 ut
701 2560 1016 2619 numquam
1049 2541 1218 2599 liceat
1252 2542 1445 2618 quieta
1476 2548 1669 2598 mente
1703 2540 2025 2597 consistere.

350 2628 482 2679 150.
527 2620 870 2699 Perfugium
902 2621 1132 2678 videtur
1165 2621 1424 2677 omnium
1452 2619 1711 2677 laborum
1741 2626 1799 2677 et
1828 2618 2030 2676 sollici-

346 2702 616 2759 tudinum
645 2720 766 2759 esse
795 2720 1044 2759 somnus·
1121 2699 1207 2757 At
1228 2719 1296 2758 ex
1318 2718 1386 2757 eo
1409 2700 1535 2776 ipso
1556 2699 1835 2777 plurimae
1864 2717 2030 2755 curae

347 2788 646 2859 metusque
675 2788 1000 2839 nascuntur.
1085 2779 1201 2848 Qui
1230 2780 1462 2857 quidem
1491 2780 1603 2858 ipsi
1629 2797 1732 2857 per
1759 2797 1818 2835 se
1838 2778 2031 2835 minus

347 2861 598 2919 valerent
638 2870 698 2918 et
738 2860 922 2937 magis
971 2866 1488 2931 contemnerentur,
1524 2860 1636 2916 nisi
1676 2858 2031 2916 somniorum

347 2941 730 3019 patrocinium
771 2939 1108 3018 philosophi
1148 2939 1528 3017 suscepissent
1569 2957 1672 2995 nec
1712 2938 1757 2995 ii
1798 2936 2032 3015 quidem

346 3020 847 3098 contemptissimi,
877 3019 978 3077 sed
1010 3020 1072 3076 in
1106 3019 1309 3096 primis
1342 3018 1495 3077 acuti
1528 3026 1587 3075 et
1627 3016 2033 3094 consequentia

349 3108 406 3158 et
447 3100 828 3179 repugnantia
859 3100 1137 3171 videnteS‚
1174 3100 1275 3177 qui
1307 3118 1489 3176 prope
1528 3097 1645 3155 iam
1686 3097 1933 3154 absoluti
1974 3102 2033 3153 et

355 3180 591 3257 perfecti
620 3185 910 3257 putantur.
989 3178 1251 3249 Quorum
1279 3178 1542 3236 licent-iae
1570 3176 1679 3233 nisi
1714 3175 2034 3233 Carneades
