2199 3546
211 131 312 180 232
736 128 837 179 DE
869 119 1369 178 DIVINATIONE.

213 229 402 288 adhuc
430 229 754 305 disputasti,
771 248 1003 306 prorsus
1031 228 1338 296 adsentior,
1354 233 1428 295 et,
1443 245 1573 284 vere
1594 234 1659 284 ut
1680 226 1901 303 loquar,

215 329 561 387 quamquam
595 315 696 366 tua
735 329 830 365 me
873 309 1056 364 oratio
1099 306 1473 376 confirmavit,
1494 313 1687 363 tamen
1722 307 1899 363 etiam

211 409 342 447 mea
369 396 575 465 sponte
603 389 776 445 nimis
804 388 1257 465 superstitiosam
1280 386 1353 443 (16
1374 386 1727 443 divinatione
1751 385 1905 442 Stoi-

211 487 410 526 corum
439 467 782 526 sententiam
806 467 1127 524 iudicabam
1151 486 1164 524 :
1210 466 1347 522 haec
1376 485 1469 522 me
1490 465 1905 542 Peripatetico-

135 561 146 570 ·
210 568 340 606 rum
388 548 535 606 ratio
576 548 762 624 magis
803 546 1074 604 movebat
1114 553 1173 604 et
1214 546 1419 604 veteris
1459 545 1798 603 Dicaearchi
1841 553 1903 604 61

211 629 350 700 61118,
383 628 483 705 qui
523 647 676 685 nunc
723 626 904 697 floret,
935 625 1217 703 Cratippi,
1249 626 1349 702 qui
1390 633 1625 683 censent
1672 645 1793 683 esse
1836 626 1901 683 in

183 707 503 766 ·mentibus
544 707 845 764 hominum
880 715 1175 783 tamquam
1219 705 1510 763 oraculum
1552 705 1804 783 aliquod,
1830 725 1901 763 ex

212 806 328 864 quo
362 789 560 846 futura
591 787 995 864 praesentiant,
1025 786 1074 843 si
1107 792 1209 844 aut
1239 786 1434 843 furore
1474 785 1672 843 divino
1700 786 1906 844 incita-

209 873 308 924 tus
339 869 564 925 animus
597 874 699 924 aut
732 885 936 924 somno
969 865 1251 924 relaxatus
1284 866 1468 923 solute
1502 873 1801 924 moveatur
1834 885 1903 924 ac

209 945 400 1005 libcre.
474 947 598 1006 His
633 947 705 1004 de
737 946 1042 1023 generibus
1077 947 1220 1023 quid
1252 947 1463 1003 sentias
1498 953 1556 1002 ct
1590 945 1801 1024 quibus
1834 965 1905 1003 ea

209 1026 530 1083 rationibus
557 1025 810 1083 infirmes
839 1026 1034 1083 audire
1063 1045 1199 1084 sane
1226 1026 1414 1084 velim.

290 1105 505 1163 XLIX.
578 1111 709 1162 101.
741 1105 902 1174 Quae
929 1124 1060 1162 cum
1088 1106 1185 1162 illc
1214 1106 1467 1177 dixisset,
1488 1114 1612 1162 111111
1644 1125 1753 1182 ego
1782 1125 1903 1163 rur-

209 1204 306 1241 sus
333 1185 496 1261 quasi
517 1183 590 1242 ab
617 1184 730 1241 alio
755 1185 1038 1262 principio
1067 1204 1197 1242 sum
1224 1205 1459 1243 exorsus
1486 1186 1690 1243 dicere.
1740 1186 1901 1243 -Non

208 1264 433 1340 ignoro,
455 1265 710 1342 inquam,
735 1263 964 1335 Quinte,
987 1272 1046 1322 tc
1081 1283 1309 1342 semper
1335 1266 1418 1323 ita
1449 1267 1704 1336 sensisse,
1731 1273 1798 1323 ut
1826 1267 1902 1323 (16

207 1344 412 1402 6616118
444 1344 742 1402 divinandi
771 1344 1075 1422 generibus
1108 1345 1416 1417 dubitareS,
1440 1346 1552 1403 ista
1583 1347 1717 1419 du0,
1743 1347 1903 1403 furo-

207 1424 286 1482 ris
319 1430 379 1482 et
411 1425 640 1496 somnii,
665 1445 810 1502 quae
843 1445 878 1482 a
910 1425 1090 1483 libera
1120 1432 1315 1483 mente
1348 1424 1521 1483 fluere
1549 1426 1898 1497 viderentur,

207 1504 493 1582 probares·
562 1505 769 1563 Dicam
800 1505 978 1581 igitur
1004 1505 1077 1563 (16
1104 1505 1231 1562 18118
1258 1505 1399 1582 ipsis
1426 1505 1653 1563 duobus
1679 1507 1902 1583 generi-

207 1583 317 1642 bus
356 1585 504 1642 mihi
538 1586 678 1663 quid
711 1585 994 1656 videatur,
1019 1585 1068 1642 si
1101 1586 1261 1662 prius
1302 1592 1359 1643 61
1392 1585 1723 1644 Stoicorum
1765 1605 1900 1643 con-

209 1664 388 1722 clusio
421 1665 662 1722 rationis
695 1672 754 1722 et
787 1664 1051 1742 Cratippi
1083 1665 1268 1722 nostri
1297 1665 1437 1742 quid
1467 1664 1651 1723 valeat
1678 1665 1894 1724 videm.

207 1743 426 1804 Dixisti
455 1747 608 1804 enim
639 1751 699 1804 et
719 1744 1112 1823 Chrysippum
1141 1751 1200 1804 et
1219 1745 1541 1823 Diogenem
1574 1753 1631 1804 et
1654 1746 1899 1824 Antipa-

207 1832 364 1883 trum
393 1826 732 1884 concludere
760 1825 870 1883 hoc
897 1826 1075 1884 modo
1099 1844 1114 1883 ε
1160 1826 1194 1853 “
1214 1826 1276 1883 Si
1299 1834 1432 1883 sunt
1458 1826 1520 1884 di
1548 1846 1733 1904 neque
1762 1835 1898 1884 ante

209 1905 499 1963 declarant
529 1906 865 1964 hominibus
907 1926 1051 1983 quae
1083 1907 1283 1964 futura
1323 1907 1455 1978 sint,
1478 1914 1579 1963 aut
1610 1926 1727 1963 non
1771 1907 1898 1964 dili-

209 1993 358 2061 gunt
389 1986 654 2045 homines
696 1994 796 2044 aut
831 1986 970 2063 quid
1003 1994 1341 2044 eventurum
1384 1986 1460 2043 sit
1491 1986 1762 2063 ignorant
1795 1993 1897 2043 aut

210 2066 542 2124 existimant
571 2066 712 2124 nihil
740 2068 1011 2124 interesse
1040 2065 1341 2124 hominum
1372 2067 1513 2123 scire
1544 2067 1683 2143 quid
1712 2066 1787 2124 sit
1806 2067 1897 2124 fu-

208 2151 403 2202 turum
433 2154 533 2203 aut
553 2166 671 2203 non
694 2154 934 2204 censent
948 2166 1068 2205 esse
1097 2166 1230 2204 suae
1252 2146 1565 2226 maiestatis
1584 2146 1897 2223 praesigni-

208 2222 374 2281 ficare
403 2224 736 2282 hominibus
765 2244 909 2301 quae
943 2227 1059 2284 sint
1086 2227 1285 2284 futura
1312 2234 1411 2284 aut
1440 2246 1507 2284 ea
1532 2246 1604 2284 ne
1631 2226 1743 2304 ipsi
1774 2226 1896 2303 qui-

207 2303 342 2359 dem
376 2303 438 2360 di
465 2303 785 2379 significare
813 2312 1070 2379 possunt.
1162 2312 1292 2363 102.
1331 2307 1415 2363 Α1
1442 2325 1625 2384 neque
1658 2326 1773 2363 11011
1809 2305 1894 2362 (11-

207 2381 398 2459 ligunt
431 2399 568 2440 nos:
613 2390 749 2440 sunt
780 2384 935 2439 enim
971 2383 1215 2441 benefici
1246 2387 1556 2464 generique
1588 2386 1891 2443 hominum

207 2462 410 2519 amici:
455 2481 640 2538 neque
662 2463 931 2539 ignorant
959 2482 1040 2534 ea,
1063 2483 1209 2541 quae
1238 2466 1309 2522 ab
1332 2466 1473 2543 ipsis
1494 2466 1807 2523 constituta
1832 2472 1894 2522 et

209 2542 506 2619 designata
533 2548 668 2601 sunt
696 2560 709 2599 :
751 2562 939 2619 neque
967 2552 1164 2601 nostra
1190 2544 1337 2602 nihil
1367 2547 1603 2604 interest
1630 2546 1772 2603 scire
1804 2564 1889 2615 ea,

209 2640 354 2698 quae
382 2623 579 2679 futura
605 2622 753 2680 sint:
797 2624 1010 2681 erimus
1037 2625 1191 2682 enim
1221 2626 1516 2698 cautioreS,
1538 2626 1585 2683 si
1614 2626 1890 2683 sciemus:

207 2720 392 2780 neque
428 2701 536 2759 hoc
581 2701 828 2759 alienum
875 2704 1096 2761 ducunt
1128 2705 1428 2763 maiestate
1470 2725 1587 2776 sua,
1618 2704 1763 2762 nihil
1805 2711 1893 2762 est

207 2782 360 2839 enim
395 2780 770 2839 beneficentia
802 2784 1217 2859 praestantius:
1261 2804 1447 2863 neque
1487 2804 1605 2842 non
1639 2791 1895 2863 ,possunt

205 2860 404 2918 futura
427 2880 811 2937 praenoscere.
897 2862 1032 2919 Non
1068 2864 1245 2940 igitur
1280 2865 1341 2921 di
1374 2871 1509 2921 sunt
1541 2884 1647 2921 nec
1680 2864 1894 2941 signifi-

205 2946 340 2995 cant
372 2939 538 2996 nobis
570 2940 798 2997 futura:
843 2948 976 2997 sunt
1009 2950 1200 2999 autem
1237 2944 1331 3000 di:
1376 2944 1701 3020 significant
1734 2963 1887 3021 ergO.

204 3016 282 3073 Et
303 3037 439 3088 non,
459 3019 507 3074 si
531 3018 854 3094 significant
874 3020 1088 3092 futura,
1107 3022 1291 3078 nullas
1319 3023 1459 3080 dant
1480 3023 1649 3080 nobis
1670 3024 1791 3080 vias
1816 3022 1892 3080 ad

204 3096 688 3172 significationum
711 3098 1036 3154 scientiam:
1071 3100 1287 3157 frustra
1306 3102 1459 3159 enim
1483 3102 1887 3177 significarent,

203 3193 408 3250 neque,
429 3175 478 3231 si
505 3175 647 3233 dant
674 3175 809 3246 viaS,
834 3194 952 3233 non
975 3183 1063 3235 est
1083 3177 1398 3237 divinatio:
1435 3188 1522 3237 est
1542 3182 1722 3252 igitur
1749 3182 1885 3237 divi·

765 3410 1048 3487 A
