2199 3546
547 186 685 235 LIB.
718 186 786 246 1.,
815 184 972 235 CAP.
1003 185 1499 249 XXVIII.-XXX.‚
1524 186 1554 248 ξ
1578 189 1755 239 59-64.
1896 191 1991 239 169

299 286 584 345 bonarum
641 286 1062 363 cogitationum
1116 287 1317 380 epuliS,
1370 307 1548 366 eaque
1596 288 1762 364 parte
1812 289 1992 347 animi

303 387 448 446 quae
476 366 772 444 voluptate
799 366 986 438 alitur,
1009 386 1116 425 nec
1144 368 1345 445 inopia
1370 376 1569 426 enecta
1594 388 1701 426 nec
1731 370 1991 428 satietate

297 446 671 505 adfluenti—
687 466 927 540 quorum
984 454 1296 525 utrumque
1342 448 1755 542 praestringere
1810 448 1990 509 aciem

301 528 515 585 mentis
547 527 711 599 solet,
735 528 854 584 sive
885 526 1050 584 deest
1076 534 1312 585 naturae
1342 528 1639 605 quippiam
1669 529 1791 587 sive
1818 529 1992 587 abun-

301 607 404 665 dat
444 614 618 684 atque
657 605 1040 664 adfluit—illa
1080 608 1256 665 etiam
1296 608 1467 667 tertia
1505 615 1669 687 parte
1706 609 1901 681 animi,
1930 610 1992 667 in

303 706 418 765 qua
443 688 654 745 irarum
686 686 911 745 exsistit
931 685 1117 758 ardor,
1142 686 1340 745 sedata
1366 694 1537 765 atque
1558 689 1847 760 restincta,
1864 694 1990 745 tum

303 766 528 827 eveniet
559 766 783 825 duabus
815 766 994 824 animi
1021 767 1338 825 temerariis
1365 768 1627 845 partibus
1654 769 1993 845 compressis

303 854 370 906 ut
401 846 502 905 illa
530 848 704 905 tertia
729 865 861 922 pars
892 846 1133 904 rationis
1160 854 1220 904 et
1245 848 1458 904 mentis
1486 847 1704 906 eluceat
1732 854 1791 905 et
1818 868 1877 906 se
1904 866 1995 906 ve-
2060 875 2069 885 ·

297 934 498 1019 getam
513 926 591 985 ad
613 926 1014 984 somniandum
1035 945 1337 1005 acremque
1354 927 1639 1005 praebeat,
1659 934 1785 985 tum
1804 924 1856 985 ei
1874 928 1995 985 visa

301 1007 516 1085 quietis
565 1012 864 1065 occurrent
905 1006 1213 1083 tranquilla
1254 1014 1430 1084 atque
1476 1008 1710 1065 veracia.
1716 1007 1749 1035 ''
1832 1007 1995 1066 Haec

303 1086 518 1145 verba
502 1106 631 1165 ipsa
647 1085 908 1144 Platonis
929 1086 1196 1162 expressi.
1272 1086 1471 1145 XXX.
1550 1092 1643 1145 62.
1680 1087 1993 1165 Epicurum

303 1166 484 1243 igitur
529 1166 829 1224 audiemus
876 1166 1109 1244 potius?
1190 1166 1457 1245 Namque
1503 1167 1826 1226 Carneades
1862 1186 1996 1225 con—

305 1246 635 1304 certationis
663 1245 856 1304 studio
884 1246 1062 1303 modo
1093 1246 1176 1304 ait
1203 1247 1330 1319 hoc,
1352 1246 1531 1305 modo
1560 1247 1718 1306 illud.
1786 1247 1872 1308 At
1900 1247 1995 1305 ille

307 1326 455 1405 quid·
489 1326 698 1384 sentit?
780 1324 971 1384 Sentit
1027 1330 1219 1383 autem
1258 1326 1408 1384 nihil
1449 1346 1723 1403 umquam
1767 1326 1997 1405 elegans

305 1405 454 1464 nihil
475 1405 763 1464 decorum.
848 1405 1024 1463 Hunc
1053 1425 1191 1483 ergo
1218 1413 1534 1483 antepones
1562 1406 1794 1465 Platoni
1816 1416 1875 1465 et
1896 1407 1998 1465 So-

305 1486 486 1544 !ratiss
527 1486 627 1564 qui
654 1493 722 1543 ut
747 1486 1029 1543 rationem
1059 1504 1177 1543 non
1205 1486 1526 1558 redderent,
1551 1488 1889 1545 auctoritate
1916 1494 1998 1544 ta-

307 1585 440 1624 men
472 1565 582 1623 hos
612 1566 870 1623 minutos
897 1565 1277 1643 philosophos
1304 1566 1611 1625 vincerent.
1698 1566 1867 1624 Iubet
1893 1567 1997 1643 igi-

305 1652 402 1704 tur
428 1645 598 1704 Plato
627 1646 710 1703 sic
737 1646 812 1703 ad
839 1664 1106 1703 somnum
1136 1645 1421 1723 proficisci
1448 1646 1784 1725 corporibus
1812 1646 1998 1705 adfec-

306 1727 398 1800 tis,
423 1732 488 1784 ut
514 1725 660 1784 nihil
689 1726 764 1784 sit
793 1725 953 1803 quod
976 1745 1225 1785 errorem
1254 1726 1461 1785 animis
1487 1726 1999 1804 perturbationem-

309 1827 420 1884 que
448 1806 686 1865 adferat.
764 1806 851 1864 Ex
881 1823 996 1884 quo
1025 1807 1198 1864 etiam
1222 1801 1606 1884 Pythagoreis
1626 1807 1997 1865 interdictum

307 1894 549 1966 putatur
579 1906 652 1944 ne
683 1886 824 1944 faba
849 1893 1223 1958 vescerentur,
1250 1886 1405 1964 quod
1435 1886 1611 1945 habet
1638 1886 1997 1945 inflationem

307 1985 580 2059 magnam
607 1967 657 2024 is
684 1966 846 2024 cibus
865 1967 1268 2044 tranquillitati
1288 1966 1503 2024 mentis
1524 1966 1848 2043 quaerentis
1868 1986 2002 2024 vera

311 2047 669 2112 contrariam.
747 2051 840 2106 63.
877 2046 1027 2106 Cum
1057 2066 1193 2124 ergo
1224 2054 1310 2105 est
1338 2065 1543 2104 somno
1566 2053 1861 2126 sevocatus
1882 2047 2001 2104 ant-

309 2146 441 2184 mus
469 2145 505 2184 a
529 2127 798 2184 societate
831 2134 891 2184 et
917 2147 953 2184 a
980 2127 1325 2204 contagione
1352 2126 1624 2204 emperie,
1648 2133 1774 2184 tum
1800 2128 2001 2186 memi-

303 2207 400 2266 nit
427 2207 880 2284 praeteritorum,
906 2207 1228 2283 praesentia
1248 2207 1445 2278 cernit,
1468 2207 1667 2264 futura
1686 2207 1996 2284 praevidet.

313 2287 469 2346 Iacet
497 2287 650 2344 enim
680 2305 888 2364 corpus
916 2286 1258 2345 dormientis
1286 2294 1353 2345 ut
1373 2287 1604 2358 mortui,
1627 2287 1786 2364 viget
1806 2294 1999 2346 autem

311 2375 370 2426 et
397 2368 541 2425 vivit
569 2367 807 2425 animus.
877 2366 1048 2435 Quod
1077 2367 1263 2424 multo
1291 2367 1477 2442 magis
1503 2367 1678 2425 faciet
1700 2374 1834 2444 post
1855 2387 2002 2425 mor-

310 2455 447 2520 tem,
472 2467 605 2506 cum
634 2447 873 2504 omnino
902 2467 1141 2524 corpore
1170 2447 1485 2505 excesserit.
1571 2446 1775 2524 Itaque
1796 2467 2003 2524 appro-

311 2528 630 2606 pinquante
661 2533 848 2586 morte
880 2527 1066 2584 multo
1096 2535 1183 2584 est
1211 2527 1476 2587 divinior.
1561 2526 1714 2584 Nam
1743 2534 1803 2584 et
1830 2527 1891 2585 id
1920 2529 2003 2605 ip-

313 2627 440 2666 sum
467 2607 683 2679 vident,
709 2607 810 2684 qui
837 2614 972 2664 sunt
999 2607 1203 2665 morbo
1224 2608 1385 2685 gravi
1406 2613 1465 2665 et
1483 2607 1786 2664 mortifero
1816 2607 2002 2664 adfec-

311 2688 376 2760 ti,
399 2689 613 2752 instare
640 2693 904 2746 mortem.
990 2687 1191 2764 Itaque
1218 2687 1311 2745 his
1340 2693 1646 2745 occurrunt
1665 2686 2003 2764 plerumque

313 2767 594 2846 imagines
629 2773 1005 2838 mortuorum,
1025 2774 1266 2844 tumque
1300 2767 1387 2824 vel
1421 2767 1670 2824 maxime
1704 2766 1861 2824 laudi
1891 2775 2003 2824 stu-

313 2847 470 2919 dent,
495 2867 723 2925 eosque,
748 2848 847 2925 qui
875 2867 1036 2906 secus
1069 2867 1241 2925 quam
1277 2847 1473 2905 decuit
1504 2847 1786 2918 vixerunt,
1810 2866 2004 2923 pecca-

309 2934 506 2985 torum
535 2947 764 2985 suorum
795 2935 921 2985 tum
949 2929 1200 2986 maxime
1228 2928 1503 3005 poenitet.
1591 2931 1684 2993 64.
1728 2925 2004 2984 Divinare

313 3015 507 3065 autem
541 3008 852 3066 morientes
879 3007 978 3064 illo
1014 3007 1185 3065 etiam
1222 3007 1487 3083 exemplo
1515 3006 1817 3065 confirmat
1845 3005 2003 3064 Posi·

313 3088 540 3159 doniuS,
578 3106 693 3164 quo
735 3088 924 3145 adfert
949 3087 1256 3164 ⁴Rhodium
1325 3089 1609 3159 quendam
1660 3089 1999 3146 morientem

314 3184 412 3226 sex
441 3167 703 3244 aequales
730 3168 1056 3225 nominasse
1083 3175 1144 3224 et
1170 3168 1381 3225 dixisse
1411 3169 1509 3245 qui
1537 3169 1759 3245 primus
1788 3185 2004 3239 eorum,

317 3249 417 3324 qui
457 3248 757 3318 secunduS,
791 3248 890 3322 qui
931 3247 1140 3306 deinde
1182 3248 1453 3322 deinceps
1486 3247 1798 3306 moriturus
1838 3254 2002 3310 esset
