2199 3546
535 161 674 211 Lm.
706 159 802 223 ιι,
835 159 992 214 car.
1028 158 1475 220 xxxin-xxv„
1498 158 1529 219 ς
1556 162 1735 211 59-64.
1916 163 1981 212 69

291 265 415 326 lum
433 265 592 321 fama
611 282 678 320 ac
693 262 990 320 voluntate
1009 261 1294 321 tollerent,
1364 261 1523 320 Hine
1540 261 1834 334 Hercules,
1846 262 1983 321 hinc

293 346 518 404 Castor
533 351 594 401 et
614 343 840 415 Pollux,
861 342 995 401 hinc
1015 342 1411 420 Aesculapius,
1431 342 1567 400 hinc
1590 341 1761 400 Liber
1786 344 1979 416 etiam,

293 425 450 483 hunc
491 425 623 482 dico
658 423 926 482 Liberum
951 423 1189 481 -Semela
1228 431 1447 495 natum,
1478 442 1595 481 non
1628 443 1780 495 eum,
1810 443 1983 502 quem

293 505 479 563 nostri
510 505 758 562 maiores
787 511 1030 581 auguste
1064 510 1371 581 sancteque
1404 521 1537 561 cum
1570 503 1775 562 Cerere
1806 514 1867 563 et
1894 503 1982 562 Li·

293 586 433 644 bera
463 590 950 656 consecraverunt,
978 583 1137 661 qued
1171 583 1337 661 quale
1366 583 1442 642 sit
1476 603 1545 642 ex
1576 585 1869 661 mysteriis
1900 585 1985 644 in-

293 665 492 742 tellegi
519 670 728 742 potest.
814 663 928 722 Sed
959 663 1115 741 quod
1146 683 1214 720 ex
1250 663 1418 721 nobis
1450 671 1619 721 natos
1647 664 1857 722 liberos
1888 684 1985 742 ap·

295 745 592 824 pellamus,
617 744 830 802 idcirco
866 743 1070 802 Cerere
1099 743 1222 800 nati
1251 744 1535 802 nominati
1562 752 1701 802 sunt
1729 743 1899 803 Liber
1924 753 1985 802 et

293 824 534 900 Libera:
578 824 735 902 quod
763 824 821 881 in
855 822 1058 882 Libera
1091 831 1334 895 servant,
1356 824 1415 896 in
1447 823 1653 883 Libero
1678 843 1792 881 non
1823 825 1979 882 item.

294 905 453 963 Hinc
497 905 674 962 etiam
718 903 1015 974 Romulus,
1049 923 1221 981 quem
1268 905 1503 982 quidem
1557 905 1805 963 eundem
1862 924 1981 962 esse

294 984 600 1054 Quirinum
630 991 854 1062 putant,
877 1003 1123 1066 quorum
1153 1003 1283 1041 eum
1314 992 1671 1042 remanerent
1698 985 1877 1042 animi
1904 992 1987 1043 at-

293 1083 410 1142 que
437 1065 772 1122 aeternitate
793 1064 1137 1136 fruerentur,
1158 1064 1269 1122 rite
1297 1064 1359 1121 di
1388 1071 1525 1122 sunt
1544 1063 1745 1136 habiti,
1766 1083 1895 1122 eum
1926 1071 1986 1123 et

296 1144 506 1222 optimi
535 1152 724 1202 essent
749 1152 810 1203 et
837 1144 1068 1202 aeterni.

296 1244 301 1250 ·
377 1231 472 1282 63.
496 1224 632 1282 Alia
652 1243 880 1302 quoque
903 1244 972 1282 ex
994 1225 1217 1284 ratione
1238 1231 1299 1282 et
1318 1224 1555 1302 quidem
1570 1224 1811 1302 physica
1830 1244 1987 1302 mag-

237 1368 246 1371 ,
294 1325 374 1363 na
398 1304 566 1362 fiuxit
593 1304 908 1365 multitudo
943 1304 1202 1376 deorum,
1224 1305 1324 1382 qui
1353 1304 1544 1362 induti
1574 1305 1761 1382 specie
1790 1304 1985 1363 huma·
2090 1353 2095 1357 .

295 1405 374 1443 na
404 1384 628 1442 fabulas
660 1385 854 1462 poetis
893 1384 1422 1462 suppeditaverunt,
1446 1384 1749 1444 hominum
1792 1393 1985 1444 autem

298 1465 476 1523 vitam
505 1464 912 1542 superstitione
941 1465 1104 1522 omni
1131 1465 1492 1523 referserunt.
1560 1465 1759 1542 Atque
1786 1465 1880 1523 hie
1908 1465 1988 1522 lo-

296 1565 400 1603 cus
425 1565 460 1602 a
487 1545 714 1602 Zeuone
741 1552 1018 1603 tractatus
1046 1552 1182 1621 post
1202 1565 1239 1602 a
1264 1544 1542 1603 Cleanthe
1570 1552 1629 1602 et
1657 1544 1985 1623 Chrysippo

295 1624 557 1704 pluribus
585 1624 772 1683 verbis
800 1625 1118 1702 explicatus
1146 1632 1247 1683 est.
1326 1623 1477 1682 Nam
1506 1633 1671 1684 vetus
1700 1625 1839 1683 haec
1867 1625 1988 1702 opi-

293 1706 398 1763 nio
415 1706 712 1764 Graeciam
733 1705 990 1784 opplevit
1007 1705 1225 1763 scilicet
1247 1712 1539 1763 exsectum
1561 1705 1797 1763 Caelum
1816 1725 1851 1763 a
1866 1704 1986 1762 filio

292 1787 564 1858 SaturnO,
583 1786 840 1845 vinctum
865 1793 1058 1844 autem
1081 1786 1393 1844 Saturnum
1416 1787 1608 1864 ipsum
1636 1805 1667 1843 a
1689 1785 1808 1843 filio
1832 1786 1983 1844 Iove.

293 1872 394 1925 64.
425 1866 676 1945 Physica
701 1867 849 1926 ratio
877 1886 995 1924 non
1017 1866 1313 1943 inelegans
1330 1864 1551 1924 inclusa
1576 1872 1667 1923 est
1694 1866 1753 1923 in
1783 1866 1988 1943 impias

249 2000 254 2003 .
294 1947 554 2006 fabulas:
589 1946 886 2005 caelestem
911 1947 1065 2005 enim
1088 1946 1428 2003 altissimam
1450 1945 1873 2022 aetheriamque
1895 1966 1989 2002 na-

295 2035 506 2099 turam,
531 2027 594 2085 id
622 2035 724 2099 est,
749 2028 997 2104 igneam,
1023 2046 1169 2104 quae
1197 2045 1303 2103 per
1334 2020 1455 2084 sese
1485 2024 1691 2083 omnia'
1706 2026 1985 2103 gigneret,

291 2128 498 2167 vacare
520 2106 825 2165 voluerunt
845 2127 914 2165 ea
932 2115 1096 2185 parte
1116 2106 1390 2183 corporiS,
1412 2124 1558 2183 quae
1585 2105 1989 2163 coniunctione

294 2188 532 2254 alterius
549 2196 742 2264 egeret
759 2187 833 2247 ad
851 2186 1285 2265 procreandum.
1342 2186 1539 2245 XXV.
1564 2185 1877 2244 Saturnum
1896 2205 1990 2243 au-

293 2276 422 2328 ·tem
449 2286 583 2327 eum
611 2287 736 2327 esse
754 2268 1074 2339 voluerunt,
1091 2267 1193 2345 qui
1214 2286 1443 2324 cursum
1472 2273 1533 2324 et
1558 2266 1987 2324 conversionem

299 2349 621 2427 spatiorum
654 2368 720 2406 ac
747 2354 862 2406 tem
871 2364 1076 2424 porum
1112 2347 1449 2417 contineret,
1474 2346 1575 2424 qui
1602 2346 1743 2405 deus
1774 2346 1989 2403 Graece

295 2430 364 2489 id
391 2430 580 2507 ipsum
611 2447 824 2486 nomen
855 2426 1060 2486 habet:
1106 2429 1316 2503 Κρόνος
1350 2426 1503 2484 enim
1534 2427 1761 2498 dicitur,
1782 2426 1883 2503 qui
1904 2434 1990 2483 est

300 2510 454 2568 idem
491 2510 711 2585 χρόνος,
731 2508 794 2565 id
821 2518 924 2578 est,
947 2508 1197 2585 spatium
1226 2508 1519 2583 temporis
1590 2506 1870 2565 Saturnus
1898 2526 1991 2563 au-

297 2597 422 2648 tem
441 2599 528 2649 est
545 2587 879 2667 appellatuS,
895 2588 1054 2666 quod
1071 2595 1421 2646 saturaretur
1436 2587 1629 2646 annis:
1666 2606 1735 2644 ex
1758 2606 1817 2644 se
1835 2586 1987 2643 enim

295 2667 470 2728 Inatos
511 2688 766 2728 comesse
805 2668 1050 2745 fingitur
1086 2668 1306 2739 solituS,
1339 2667 1475 2745 quia
1515 2666 1805 2725 consumit
1837 2673 1992 2723 aetas

297 2757 630 2827 temporum
667 2749 854 2827 spatia
885 2749 1165 2825 annisque
1196 2748 1520 2825 praeteritis
1548 2745 1993 2805 insaturabiliter

293 2830 580 2908 expletur,
601 2828 830 2887 vinctus
857 2836 1046 2887 autem
1083 2848 1121 2885 a
1148 2828 1301 2900 Iove,
1324 2846 1399 2886 ne
1426 2826 1839 2884 immoderatos
1873 2844 1993 2882 cur-

293 2929 400 2968 sus
432 2908 672 2968 haberet
703 2915 874 2987 atque
907 2915 976 2967 ut
1007 2927 1139 2966 eum
1176 2908 1423 2967 siderum
1462 2906 1661 2964 vinclis
1694 2904 1989 2981 adligaret.

301 2990 422 3049 Sed
448 2990 574 3069 ipse
601 2988 880 3067 Iuppiter,
899 2988 962 3046 id
995 2995 1098 3060 est,
1122 2989 1376 3045 “iuvans
1408 2986 1625 3064 pater,”
1656 3004 1828 3063 quem
1864 3003 1995 3041 con-

303 3070 480 3129 versis
508 3068 732 3127 casibus
761 3068 1115 3147 appellamus
1136 3088 1170 3125 a
1192 3068 1497 3125 “iuvando
1512 3066 1545 3093 ’'
1570 3065 1785 3136 Iovem,
1804 3084 1837 3121 a
1859 3069 1997 3140 poe—

295 3151 382 3209 tis
427 3150 643 3227 “pater
685 3148 997 3227 divomque
1040 3144 1507 3224 hominumque’'
1551 3144 1778 3216 dicitur,
1803 3164 1839 3203 a
1879 3160 2000 3230 ma-

291 3229 526 3290 ·i0ribus
564 3236 758 3289 autem
800 3229 1012 3289 nostris
1053 3228 1090 3257 “
1110 3228 1365 3304 optimus
1404 3224 1744 3300 maximus,’'
1780 3232 1841 3285 et
1876 3238 2004 3298 qiu-

2179 3154 2187 3183 ὁ
