<?xml version="1.0" encoding="UTF-8"?>
<!DOCTYPE html PUBLIC "-//W3C//DTD XHTML 1.0 Transitional//EN"
    "http://www.w3.org/TR/xhtml1/DTD/xhtml1-transitional.dtd">
<html xmlns="http://www.w3.org/1999/xhtml" xml:lang="en" lang="en">
 <head>
  <title>
</title>
<meta http-equiv="Content-Type" content="text/html;charset=utf-8" />
  <meta name='ocr-system' content='tesseract 3.04.00' />
  <meta name='ocr-capabilities' content='ocr_page ocr_carea ocr_par ocr_line ocrx_word'/>
</head>
<body>
  <div class='ocr_page' id='page_1' title='image "./denaturadeorumd00cicegoog_0139.png"; bbox 0 0 2199 3546; ppageno 0'>
   <div class='ocr_carea' id='block_1_1' title="bbox 300 89 2001 1675">
    <p class='ocr_par' dir='ltr' id='par_1_1' title="bbox 300 89 1995 957">
     <span class='ocr_line' id='line_1_1' title="bbox 517 89 1991 200; baseline 0.003 -12"><span class='ocrx_word' id='word_1_1' title='bbox 517 140 653 188; x_wconf 91' lang='lat' dir='ltr'><strong>LIB.</strong></span> <span class='ocrx_word' id='word_1_2' title='bbox 683 138 808 200; x_wconf 69' lang='lat'>111„</span> <span class='ocrx_word' id='word_1_3' title='bbox 837 137 1491 200; x_wconf 79' lang='lat' dir='ltr'>CAP.-XX1V.-XXV1.‚</span> <span class='ocrx_word' id='word_1_4' title='bbox 1522 137 1551 197; x_wconf 68' lang='grc' dir='ltr'>ἓ</span> <span class='ocrx_word' id='word_1_5' title='bbox 1580 143 1759 190; x_wconf 65' lang='lat' dir='ltr'>‹sl-67.</span> <span class='ocrx_word' id='word_1_6' title='bbox 1878 89 1991 192; x_wconf 46' lang='lat'>⁴32¹.)</span> 
     </span>
     <span class='ocr_line' id='line_1_2' title="bbox 305 239 1995 321; baseline 0.001 -20"><span class='ocrx_word' id='word_1_7' title='bbox 305 243 682 320; x_wconf 75' lang='lat' dir='ltr'>disputemu8‚</span> <span class='ocrx_word' id='word_1_8' title='bbox 707 241 966 298; x_wconf 87' lang='lat' dir='ltr'>dicamus</span> <span class='ocrx_word' id='word_1_9' title='bbox 993 239 1172 318; x_wconf 86' lang='lat' dir='ltr'>digna</span> <span class='ocrx_word' id='word_1_10' title='bbox 1198 239 1287 298; x_wconf 89' lang='lat' dir='ltr'>dis</span> <span class='ocrx_word' id='word_1_11' title='bbox 1313 241 1753 314; x_wconf 76' lang='lat' dir='ltr'>immortalibuS,</span> <span class='ocrx_word' id='word_1_12' title='bbox 1778 242 1851 301; x_wconf 92' lang='lat' dir='ltr'>de</span> <span class='ocrx_word' id='word_1_13' title='bbox 1874 245 1995 321; x_wconf 89' lang='lat' dir='ltr'>qui-</span> 
     </span>
     <span class='ocr_line' id='line_1_3' title="bbox 307 320 1993 401; baseline 0.002 -21"><span class='ocrx_word' id='word_1_14' title='bbox 307 322 624 380; x_wconf 86' lang='lat' dir='ltr'>bus&#39;habeo</span> <span class='ocrx_word' id='word_1_15' title='bbox 652 323 776 398; x_wconf 90' lang='lat' dir='ltr'>ipse</span> <span class='ocrx_word' id='word_1_16' title='bbox 807 320 964 397; x_wconf 85' lang='lat' dir='ltr'>quod</span> <span class='ocrx_word' id='word_1_17' title='bbox 986 320 1245 390; x_wconf 83' lang='lat' dir='ltr'>sentiam,</span> <span class='ocrx_word' id='word_1_18' title='bbox 1266 340 1383 377; x_wconf 91' lang='lat' dir='ltr'>non</span> <span class='ocrx_word' id='word_1_19' title='bbox 1404 320 1589 379; x_wconf 84' lang='lat' dir='ltr'>habeo</span> <span class='ocrx_word' id='word_1_20' title='bbox 1618 327 1811 380; x_wconf 88' lang='lat' dir='ltr'>autem</span> <span class='ocrx_word' id='word_1_21' title='bbox 1837 325 1993 401; x_wconf 90' lang='lat' dir='ltr'>quod</span> 
     </span>
     <span class='ocr_line' id='line_1_4' title="bbox 305 399 1993 476; baseline 0.002 -17"><span class='ocrx_word' id='word_1_22' title='bbox 305 402 415 460; x_wconf 90' lang='lat' dir='ltr'>tibi</span> <span class='ocrx_word' id='word_1_23' title='bbox 447 401 748 459; x_wconf 85' lang='lat' dir='ltr'>adsentiar.</span> <span class='ocrx_word' id='word_1_24' title='bbox 836 399 1177 476; x_wconf 85' lang='lat' dir='ltr'>Neptunum</span> <span class='ocrx_word' id='word_1_25' title='bbox 1220 419 1340 456; x_wconf 90' lang='lat' dir='ltr'>esse</span> <span class='ocrx_word' id='word_1_26' title='bbox 1382 400 1526 457; x_wconf 89' lang='lat' dir='ltr'>dicis</span> <span class='ocrx_word' id='word_1_27' title='bbox 1567 401 1825 460; x_wconf 89' lang='lat' dir='ltr'>animum</span> <span class='ocrx_word' id='word_1_28' title='bbox 1860 423 1993 462; x_wconf 88' lang='lat' dir='ltr'>cum</span> 
     </span>
     <span class='ocr_line' id='line_1_5' title="bbox 303 479 1988 558; baseline 0.001 -19"><span class='ocrx_word' id='word_1_29' title='bbox 303 481 698 558; x_wconf 79' lang='lat' dir='ltr'>intellegentia</span> <span class='ocrx_word' id='word_1_30' title='bbox 728 499 832 556; x_wconf 87' lang='lat' dir='ltr'>per</span> <span class='ocrx_word' id='word_1_31' title='bbox 862 498 1017 536; x_wconf 90' lang='lat' dir='ltr'>mare</span> <span class='ocrx_word' id='word_1_32' title='bbox 1050 479 1453 555; x_wconf 78' lang='lat' dir='ltr'>pertinentem,</span> <span class='ocrx_word' id='word_1_33' title='bbox 1478 480 1637 538; x_wconf 88' lang='lat' dir='ltr'>idem</span> <span class='ocrx_word' id='word_1_34' title='bbox 1662 481 1736 540; x_wconf 89' lang='lat' dir='ltr'>de</span> <span class='ocrx_word' id='word_1_35' title='bbox 1769 481 1988 542; x_wconf 85' lang='lat' dir='ltr'>Cerere.</span> 
     </span>
     <span class='ocr_line' id='line_1_6' title="bbox 303 559 1989 635; baseline 0.002 -17"><span class='ocrx_word' id='word_1_36' title='bbox 303 560 486 620; x_wconf 88' lang='lat' dir='ltr'>Istam</span> <span class='ocrx_word' id='word_1_37' title='bbox 513 568 705 618; x_wconf 88' lang='lat' dir='ltr'>autem</span> <span class='ocrx_word' id='word_1_38' title='bbox 733 559 1183 635; x_wconf 82' lang='lat' dir='ltr'>intellegentiam</span> <span class='ocrx_word' id='word_1_39' title='bbox 1215 566 1315 616; x_wconf 86' lang='lat' dir='ltr'>aut</span> <span class='ocrx_word' id='word_1_40' title='bbox 1342 561 1515 617; x_wconf 89' lang='lat' dir='ltr'>maris</span> <span class='ocrx_word' id='word_1_41' title='bbox 1544 567 1646 618; x_wconf 91' lang='lat' dir='ltr'>aut</span> <span class='ocrx_word' id='word_1_42' title='bbox 1663 568 1846 620; x_wconf 86' lang='lat' dir='ltr'>terrae</span> <span class='ocrx_word' id='word_1_43' title='bbox 1872 583 1989 620; x_wconf 89' lang='lat' dir='ltr'>non</span> 
     </span>
     <span class='ocr_line' id='line_1_7' title="bbox 302 638 1993 719; baseline 0.002 -22"><span class='ocrx_word' id='word_1_44' title='bbox 302 640 480 699; x_wconf 89' lang='lat' dir='ltr'>modo</span> <span class='ocrx_word' id='word_1_45' title='bbox 515 638 997 715; x_wconf 84' lang='lat' dir='ltr'>comprehendere</span> <span class='ocrx_word' id='word_1_46' title='bbox 1030 639 1245 709; x_wconf 79' lang='lat' dir='ltr'>animO,</span> <span class='ocrx_word' id='word_1_47' title='bbox 1270 639 1371 695; x_wconf 89' lang='lat' dir='ltr'>sed</span> <span class='ocrx_word' id='word_1_48' title='bbox 1404 658 1477 696; x_wconf 90' lang='lat' dir='ltr'>ne</span> <span class='ocrx_word' id='word_1_49' title='bbox 1513 641 1837 718; x_wconf 88' lang='lat' dir='ltr'>suspicione</span> <span class='ocrx_word' id='word_1_50' title='bbox 1872 643 1993 719; x_wconf 86' lang='lat' dir='ltr'>qui-</span> 
     </span>
     <span class='ocr_line' id='line_1_8' title="bbox 304 716 1990 798; baseline 0.001 -20"><span class='ocrx_word' id='word_1_51' title='bbox 304 720 438 778; x_wconf 89' lang='lat' dir='ltr'>dem</span> <span class='ocrx_word' id='word_1_52' title='bbox 477 739 716 798; x_wconf 85' lang='lat' dir='ltr'>possum</span> <span class='ocrx_word' id='word_1_53' title='bbox 760 719 1058 795; x_wconf 88' lang='lat' dir='ltr'>attingere.</span> <span class='ocrx_word' id='word_1_54' title='bbox 1145 716 1347 796; x_wconf 88' lang='lat' dir='ltr'>Itaque</span> <span class='ocrx_word' id='word_1_55' title='bbox 1382 718 1613 779; x_wconf 88' lang='lat' dir='ltr'>aliunde</span> <span class='ocrx_word' id='word_1_56' title='bbox 1647 719 1792 780; x_wconf 84' lang='lat' dir='ltr'>mihi</span> <span class='ocrx_word' id='word_1_57' title='bbox 1828 740 1990 798; x_wconf 86' lang='lat' dir='ltr'>quae·</span> 
     </span>
     <span class='ocr_line' id='line_1_9' title="bbox 301 798 1991 876; baseline 0.002 -19"><span class='ocrx_word' id='word_1_58' title='bbox 301 799 550 858; x_wconf 87' lang='lat' dir='ltr'>rendum</span> <span class='ocrx_word' id='word_1_59' title='bbox 583 806 685 871; x_wconf 88' lang='lat' dir='ltr'>est,</span> <span class='ocrx_word' id='word_1_60' title='bbox 715 805 782 857; x_wconf 92' lang='lat' dir='ltr'>ut</span> <span class='ocrx_word' id='word_1_61' title='bbox 815 805 876 856; x_wconf 86' lang='lat' dir='ltr'>et</span> <span class='ocrx_word' id='word_1_62' title='bbox 908 817 1028 855; x_wconf 91' lang='lat' dir='ltr'>esse</span> <span class='ocrx_word' id='word_1_63' title='bbox 1062 798 1201 855; x_wconf 89' lang='lat' dir='ltr'>deos</span> <span class='ocrx_word' id='word_1_64' title='bbox 1230 804 1288 855; x_wconf 88' lang='lat' dir='ltr'>et</span> <span class='ocrx_word' id='word_1_65' title='bbox 1318 798 1513 876; x_wconf 90' lang='lat' dir='ltr'>quales</span> <span class='ocrx_word' id='word_1_66' title='bbox 1543 799 1659 856; x_wconf 91' lang='lat' dir='ltr'>sint</span> <span class='ocrx_word' id='word_1_67' title='bbox 1686 800 1746 857; x_wconf 89' lang='lat' dir='ltr'>di</span> <span class='ocrx_word' id='word_1_68' title='bbox 1775 801 1991 860; x_wconf 79' lang='lat' dir='ltr'>discere</span> 
     </span>
     <span class='ocr_line' id='line_1_10' title="bbox 300 877 1463 957; baseline -0.001 -20"><span class='ocrx_word' id='word_1_69' title='bbox 300 879 540 957; x_wconf 85' lang='lat' dir='ltr'>possim,</span> <span class='ocrx_word' id='word_1_70' title='bbox 566 899 739 956; x_wconf 87' lang='lat' dir='ltr'>quam</span> <span class='ocrx_word' id='word_1_71' title='bbox 769 877 964 956; x_wconf 91' lang='lat' dir='ltr'>quales</span> <span class='ocrx_word' id='word_1_72' title='bbox 990 885 1056 936; x_wconf 89' lang='lat' dir='ltr'>tu</span> <span class='ocrx_word' id='word_1_73' title='bbox 1084 897 1185 935; x_wconf 92' lang='lat' dir='ltr'>eos</span> <span class='ocrx_word' id='word_1_74' title='bbox 1212 897 1333 935; x_wconf 90' lang='lat' dir='ltr'>esse</span> <span class='ocrx_word' id='word_1_75' title='bbox 1361 879 1463 936; x_wconf 74' lang='lat' dir='ltr'>vis·</span> 
     </span>
    </p>

    <p class='ocr_par' dir='ltr' id='par_1_2' title="bbox 301 958 2001 1675">
     <span class='ocr_line' id='line_1_11' title="bbox 387 958 1991 1034; baseline 0 -18"><span class='ocrx_word' id='word_1_76' title='bbox 387 964 481 1016; x_wconf 89' lang='grc'>65.</span> <span class='ocrx_word' id='word_1_77' title='bbox 502 958 822 1017; x_wconf 87' lang='lat' dir='ltr'>Videamus</span> <span class='ocrx_word' id='word_1_78' title='bbox 843 977 925 1029; x_wconf 88' lang='lat' dir='ltr'>ea,</span> <span class='ocrx_word' id='word_1_79' title='bbox 943 976 1085 1034; x_wconf 89' lang='lat' dir='ltr'>quae</span> <span class='ocrx_word' id='word_1_80' title='bbox 1108 965 1439 1034; x_wconf 89' lang='lat' dir='ltr'>sequuntur,</span> <span class='ocrx_word' id='word_1_81' title='bbox 1456 958 1706 1034; x_wconf 88' lang='lat' dir='ltr'>primum</span> <span class='ocrx_word' id='word_1_82' title='bbox 1732 959 1991 1016; x_wconf 88' lang='lat' dir='ltr'>deorum-</span> 
     </span>
     <span class='ocr_line' id='line_1_12' title="bbox 303 1036 1992 1116; baseline 0 -20"><span class='ocrx_word' id='word_1_83' title='bbox 303 1058 379 1096; x_wconf 90' lang='lat' dir='ltr'>ne</span> <span class='ocrx_word' id='word_1_84' title='bbox 415 1038 780 1116; x_wconf 88' lang='lat' dir='ltr'>providentia</span> <span class='ocrx_word' id='word_1_85' title='bbox 811 1036 1062 1094; x_wconf 88' lang='lat' dir='ltr'>mundus</span> <span class='ocrx_word' id='word_1_86' title='bbox 1095 1044 1341 1115; x_wconf 84' lang='lat' dir='ltr'>regatur,</span> <span class='ocrx_word' id='word_1_87' title='bbox 1372 1037 1581 1096; x_wconf 89' lang='lat' dir='ltr'>deinde</span> <span class='ocrx_word' id='word_1_88' title='bbox 1618 1039 1992 1097; x_wconf 84' lang='lat' dir='ltr'>consulantne</span> 
     </span>
     <span class='ocr_line' id='line_1_13' title="bbox 302 1116 1992 1196; baseline 0.001 -20"><span class='ocrx_word' id='word_1_89' title='bbox 302 1118 474 1176; x_wconf 86' lang='lat' dir='ltr'>rebus</span> <span class='ocrx_word' id='word_1_90' title='bbox 515 1117 795 1175; x_wconf 78' lang='lat' dir='ltr'>humanis,</span> <span class='ocrx_word' id='word_1_91' title='bbox 880 1116 1042 1174; x_wconf 86' lang='lat' dir='ltr'>Haec</span> <span class='ocrx_word' id='word_1_92' title='bbox 1075 1117 1232 1174; x_wconf 88' lang='lat' dir='ltr'>enim</span> <span class='ocrx_word' id='word_1_93' title='bbox 1258 1117 1407 1176; x_wconf 88' lang='lat' dir='ltr'>mihi</span> <span class='ocrx_word' id='word_1_94' title='bbox 1444 1137 1517 1176; x_wconf 88' lang='lat' dir='ltr'>ex</span> <span class='ocrx_word' id='word_1_95' title='bbox 1548 1126 1651 1178; x_wconf 87' lang='lat' dir='ltr'>tua</span> <span class='ocrx_word' id='word_1_96' title='bbox 1682 1119 1992 1196; x_wconf 81' lang='lat' dir='ltr'>partitione</span> 
     </span>
     <span class='ocr_line' id='line_1_14' title="bbox 301 1195 1995 1275; baseline 0.001 -20"><span class='ocrx_word' id='word_1_97' title='bbox 301 1204 521 1255; x_wconf 80' lang='lat' dir='ltr'>restant</span> <span class='ocrx_word' id='word_1_98' title='bbox 561 1197 694 1255; x_wconf 82' lang='lat' dir='ltr'>duo,</span> <span class='ocrx_word' id='word_1_99' title='bbox 759 1196 852 1254; x_wconf 91' lang='lat' dir='ltr'>De</span> <span class='ocrx_word' id='word_1_100' title='bbox 891 1195 1115 1275; x_wconf 50' lang='lat' dir='ltr'>quibua</span> <span class='ocrx_word' id='word_1_101' title='bbox 1141 1197 1190 1254; x_wconf 89' lang='lat' dir='ltr'>si</span> <span class='ocrx_word' id='word_1_102' title='bbox 1217 1197 1381 1255; x_wconf 87' lang='lat' dir='ltr'>vobis</span> <span class='ocrx_word' id='word_1_103' title='bbox 1403 1198 1645 1269; x_wconf 90' lang='lat' dir='ltr'>videtur,</span> <span class='ocrx_word' id='word_1_104' title='bbox 1677 1201 1995 1258; x_wconf 83' lang='lat' dir='ltr'>accuratius</span> 
     </span>
     <span class='ocr_line' id='line_1_15' title="bbox 302 1255 1994 1356; baseline 0.001 -22"><span class='ocrx_word' id='word_1_105' title='bbox 302 1277 696 1336; x_wconf 84' lang='lat' dir='ltr'>disserendum</span> <span class='ocrx_word' id='word_1_106' title='bbox 723 1283 885 1355; x_wconf 80' lang='lat' dir='ltr'>puto,</span> <span class='ocrx_word' id='word_1_107' title='bbox 960 1255 1108 1334; x_wconf 72' lang='lat' dir='ltr'>Milii</span> <span class='ocrx_word' id='word_1_108' title='bbox 1136 1293 1288 1348; x_wconf 79' lang='lat' dir='ltr'>vem,</span> <span class='ocrx_word' id='word_1_109' title='bbox 1318 1277 1511 1356; x_wconf 88' lang='lat' dir='ltr'>inquit</span> <span class='ocrx_word' id='word_1_110' title='bbox 1538 1278 1809 1350; x_wconf 83' lang='lat' dir='ltr'>VelleiuS,</span> <span class='ocrx_word' id='word_1_111' title='bbox 1830 1279 1994 1336; x_wconf 88' lang='lat' dir='ltr'>valde</span> 
     </span>
     <span class='ocr_line' id='line_1_16' title="bbox 304 1356 1997 1436; baseline 0.001 -21"><span class='ocrx_word' id='word_1_112' title='bbox 304 1357 558 1415; x_wconf 87' lang='lat' dir='ltr'>videtur:</span> <span class='ocrx_word' id='word_1_113' title='bbox 601 1377 735 1414; x_wconf 90' lang='lat' dir='ltr'>nam</span> <span class='ocrx_word' id='word_1_114' title='bbox 779 1363 840 1414; x_wconf 88' lang='lat' dir='ltr'>et</span> <span class='ocrx_word' id='word_1_115' title='bbox 875 1356 1095 1416; x_wconf 83' lang='lat' dir='ltr'>maiora</span> <span class='ocrx_word' id='word_1_116' title='bbox 1128 1364 1396 1434; x_wconf 85' lang='lat' dir='ltr'>exspecto</span> <span class='ocrx_word' id='word_1_117' title='bbox 1430 1365 1491 1416; x_wconf 88' lang='lat' dir='ltr'>et</span> <span class='ocrx_word' id='word_1_118' title='bbox 1522 1358 1631 1429; x_wconf 86' lang='lat' dir='ltr'>his,</span> <span class='ocrx_word' id='word_1_119' title='bbox 1662 1379 1807 1436; x_wconf 83' lang='lat' dir='ltr'>quae</span> <span class='ocrx_word' id='word_1_120' title='bbox 1840 1359 1997 1416; x_wconf 82' lang='lat' dir='ltr'>dicta</span> 
     </span>
     <span class='ocr_line' id='line_1_17' title="bbox 305 1435 1993 1516; baseline 0.001 -22"><span class='ocrx_word' id='word_1_121' title='bbox 305 1444 456 1508; x_wconf 86' lang='lat' dir='ltr'>sunt,</span> <span class='ocrx_word' id='word_1_122' title='bbox 480 1435 848 1495; x_wconf 88' lang='lat' dir='ltr'>vehementer</span> <span class='ocrx_word' id='word_1_123' title='bbox 875 1436 1181 1494; x_wconf 89' lang='lat' dir='ltr'>adsentior.</span> <span class='ocrx_word' id='word_1_124' title='bbox 1251 1436 1405 1494; x_wconf 91' lang='lat' dir='ltr'>Tum</span> <span class='ocrx_word' id='word_1_125' title='bbox 1431 1437 1678 1496; x_wconf 85' lang='lat' dir='ltr'>Balbus:</span> <span class='ocrx_word' id='word_1_126' title='bbox 1720 1438 1993 1516; x_wconf 86' lang='lat' dir='ltr'>Interpel-</span> 
     </span>
     <span class='ocr_line' id='line_1_18' title="bbox 303 1515 2001 1595; baseline 0.001 -22"><span class='ocrx_word' id='word_1_127' title='bbox 303 1516 420 1574; x_wconf 87' lang='lat' dir='ltr'>lare</span> <span class='ocrx_word' id='word_1_128' title='bbox 453 1523 529 1586; x_wconf 91' lang='lat' dir='ltr'>te,</span> <span class='ocrx_word' id='word_1_129' title='bbox 553 1517 759 1594; x_wconf 84' lang='lat' dir='ltr'>inquit,</span> <span class='ocrx_word' id='word_1_130' title='bbox 782 1515 974 1587; x_wconf 85' lang='lat' dir='ltr'>Cotta,</span> <span class='ocrx_word' id='word_1_131' title='bbox 999 1515 1153 1588; x_wconf 86' lang='lat' dir='ltr'>n010,</span> <span class='ocrx_word' id='word_1_132' title='bbox 1179 1516 1279 1574; x_wconf 90' lang='lat' dir='ltr'>sed</span> <span class='ocrx_word' id='word_1_133' title='bbox 1314 1535 1605 1574; x_wconf 85' lang='lat' dir='ltr'>sumemus</span> <span class='ocrx_word' id='word_1_134' title='bbox 1636 1525 1867 1595; x_wconf 83' lang='lat' dir='ltr'>tempus</span> <span class='ocrx_word' id='word_1_135' title='bbox 1900 1517 2001 1575; x_wconf 78' lang='lat' dir='ltr'>ali·&#39;</span> 
     </span>
     <span class='ocr_line' id='line_1_19' title="bbox 304 1595 1688 1675; baseline 0.001 -21"><span class='ocrx_word' id='word_1_136' title='bbox 304 1595 418 1654; x_wconf 91' lang='lat' dir='ltr'>ud:</span> <span class='ocrx_word' id='word_1_137' title='bbox 462 1595 705 1662; x_wconf 81' lang='lat' dir='ltr'>efficiam</span> <span class='ocrx_word' id='word_1_138' title='bbox 732 1596 997 1675; x_wconf 82' lang='lat' dir='ltr'>profecto</span> <span class='ocrx_word' id='word_1_139' title='bbox 1025 1602 1092 1653; x_wconf 90' lang='lat' dir='ltr'>ut</span> <span class='ocrx_word' id='word_1_140' title='bbox 1118 1596 1353 1654; x_wconf 84' lang='lat' dir='ltr'>fateare.</span> <span class='ocrx_word' id='word_1_141' title='bbox 1436 1595 1555 1656; x_wconf 87' lang='lat' dir='ltr'>Sed</span> <span class='ocrx_word' id='word_1_142' title='bbox 1580 1641 1595 1658; x_wconf 89' lang='lat'><strong>.</strong></span> <span class='ocrx_word' id='word_1_143' title='bbox 1628 1642 1641 1656; x_wconf 93' lang='lat'><strong>.</strong></span> <span class='ocrx_word' id='word_1_144' title='bbox 1673 1641 1688 1656; x_wconf 91' lang='lat'><strong>.</strong></span> 
     </span>
    </p>
   </div>
   <div class='ocr_carea' id='block_1_2' title="bbox 315 1707 1762 1934">
    <p class='ocr_par' dir='ltr' id='par_1_3' title="bbox 315 1707 1762 1934">
     <span class='ocr_line' id='line_1_20' title="bbox 899 1707 1403 1805; baseline 0 -22"><span class='ocrx_word' id='word_1_145' title='bbox 899 1719 1129 1801; x_wconf 68' lang='lat' dir='ltr'>[Multa</span> <span class='ocrx_word' id='word_1_146' title='bbox 1156 1707 1403 1805; x_wconf 53' lang='lat' dir='ltr'>desum]</span> 
     </span>
     <span class='ocr_line' id='line_1_21' title="bbox 315 1856 1762 1934; baseline 0.001 -29"><span class='ocrx_word' id='word_1_147' title='bbox 315 1928 322 1934; x_wconf 31' lang='grc' dir='ltr'>ι</span> <span class='ocrx_word' id='word_1_148' title='bbox 369 1856 702 1921; x_wconf 81' lang='lat' dir='ltr'>Nequaquam</span> <span class='ocrx_word' id='word_1_149' title='bbox 723 1856 852 1905; x_wconf 84' lang='lat' dir='ltr'>istuc</span> <span class='ocrx_word' id='word_1_150' title='bbox 874 1856 1000 1905; x_wconf 82' lang='lat' dir='ltr'>istac</span> <span class='ocrx_word' id='word_1_151' title='bbox 1021 1856 1143 1905; x_wconf 83' lang='lat' dir='ltr'>ibit:</span> <span class='ocrx_word' id='word_1_152' title='bbox 1180 1870 1367 1918; x_wconf 81' lang='lat' dir='ltr'>magna</span> <span class='ocrx_word' id='word_1_153' title='bbox 1387 1856 1519 1906; x_wconf 82' lang='lat' dir='ltr'>inest</span> <span class='ocrx_word' id='word_1_154' title='bbox 1540 1858 1762 1907; x_wconf 82' lang='lat' dir='ltr'>certat-io.</span> 
     </span>
    </p>
   </div>
   <div class='ocr_carea' id='block_1_3' title="bbox 305 1955 2000 2249">
    <p class='ocr_par' dir='ltr' id='par_1_4' title="bbox 305 1955 2000 2249">
     <span class='ocr_line' id='line_1_22' title="bbox 373 1955 1823 2051; baseline 0.003 -18"><span class='ocrx_word' id='word_1_155' title='bbox 373 1956 509 2033; x_wconf 68' lang='lat' dir='ltr'>Nam</span> <span class='ocrx_word' id='word_1_156' title='bbox 532 1956 702 2045; x_wconf 50' lang='lat' dir='ltr'>ut⁶ego</span> <span class='ocrx_word' id='word_1_157' title='bbox 721 1955 821 2033; x_wconf 75' lang='lat' dir='ltr'>iilis</span> <span class='ocrx_word' id='word_1_158' title='bbox 845 1957 1172 2048; x_wconf 66' lang='lat' dir='ltr'>supplicarem</span> <span class='ocrx_word' id='word_1_159' title='bbox 1194 1958 1336 2035; x_wconf 69' lang='lat' dir='ltr'>tanta</span> <span class='ocrx_word' id='word_1_160' title='bbox 1355 1959 1829 2051; x_wconf 53' lang='grc' dir='ltr'>ὶὶαῐιᾱέὶοᾳυὲηῐίαῗ</span> 
     </span>
     <span class='ocr_line' id='line_1_23' title="bbox 375 2049 1737 2110; baseline 0.003 -13"><span class='ocrx_word' id='word_1_161' title='bbox 375 2049 543 2110; x_wconf 75' lang='lat' dir='ltr'>Quam</span> <span class='ocrx_word' id='word_1_162' title='bbox 565 2049 629 2098; x_wconf 95' lang='lat' dir='ltr'>ob</span> <span class='ocrx_word' id='word_1_163' title='bbox 651 2064 758 2098; x_wconf 89' lang='lat' dir='ltr'>rem</span> <span class='ocrx_word' id='word_1_164' title='bbox 772 2050 796 2099; x_wconf 70' lang='grc' dir='ltr'><em>ἲ</em></span> <span class='ocrx_word' id='word_1_165' title='bbox 1732 2078 1737 2083; x_wconf 92' lang='grc'><strong>-</strong></span> 
     </span>
     <span class='ocr_line' id='line_1_24' title="bbox 305 2138 2000 2249; baseline 0.003 -25"><span class='ocrx_word' id='word_1_166' title='bbox 305 2138 538 2225; x_wconf 68' lang='lat' dir='ltr'>XXVI.</span> <span class='ocrx_word' id='word_1_167' title='bbox 613 2172 706 2225; x_wconf 87' lang='grc'>66.</span> <span class='ocrx_word' id='word_1_168' title='bbox 736 2166 1026 2225; x_wconf 88' lang='lat' dir='ltr'>Parumne</span> <span class='ocrx_word' id='word_1_169' title='bbox 1053 2168 1379 2227; x_wconf 85' lang='lat' dir='ltr'>ratiocinari</span> <span class='ocrx_word' id='word_1_170' title='bbox 1402 2169 1630 2228; x_wconf 87' lang='lat' dir='ltr'>videtur</span> <span class='ocrx_word' id='word_1_171' title='bbox 1656 2177 1716 2228; x_wconf 87' lang='lat' dir='ltr'>et</span> <span class='ocrx_word' id='word_1_172' title='bbox 1743 2169 2000 2249; x_wconf 86' lang='lat' dir='ltr'>sibiipsa</span> 
     </span>
    </p>
   </div>
   <div class='ocr_carea' id='block_1_4' title="bbox 303 2246 1999 2385">
    <p class='ocr_par' dir='ltr' id='par_1_5' title="bbox 303 2246 1999 2385">
     <span class='ocr_line' id='line_1_25' title="bbox 303 2246 1999 2385; baseline 0.002 -80"><span class='ocrx_word' id='word_1_173' title='bbox 303 2247 585 2385; x_wconf 47' lang='lat' dir='ltr'>gesarssam</span> <span class='ocrx_word' id='word_1_174' title='bbox 615 2253 837 2369; x_wconf 57' lang='lat' dir='ltr'>p&#39;estem</span> <span class='ocrx_word' id='word_1_175' title='bbox 864 2246 1221 2307; x_wconf 68' lang='lat' dir='ltr'>machinari?</span> <span class='ocrx_word' id='word_1_176' title='bbox 1303 2248 1455 2307; x_wconf 90' lang='lat' dir='ltr'>Illud</span> <span class='ocrx_word' id='word_1_177' title='bbox 1484 2270 1618 2309; x_wconf 88' lang='lat' dir='ltr'>vero</span> <span class='ocrx_word' id='word_1_178' title='bbox 1649 2270 1819 2329; x_wconf 88' lang='lat' dir='ltr'>quam</span> <span class='ocrx_word' id='word_1_179' title='bbox 1850 2250 1999 2309; x_wconf 88' lang='lat' dir='ltr'>calli·</span> 
     </span>
     <span class='ocr_line' id='line_1_26' title="bbox 345 2346 1371 2385; baseline 0 0"><span class='ocrx_word' id='word_1_180' title='bbox 345 2346 382 2385; x_wconf 92' lang='lat' dir='ltr'>a</span> <span class='ocrx_word' id='word_1_181' title='bbox 407 2346 470 2385; x_wconf 88' lang='lat' dir='ltr'>ra</span> <span class='ocrx_word' id='word_1_182' title='bbox 495 2346 628 2385; x_wconf 77' lang='lat' dir='ltr'>ione</span> <span class='ocrx_word' id='word_1_183' title='bbox 647 2370 660 2385; x_wconf 92' lang='lat'><strong>.</strong></span> <span class='ocrx_word' id='word_1_184' title='bbox 1364 2360 1371 2367; x_wconf 86' lang='lat'><strong>·</strong></span> 
     </span>
    </p>
   </div>
   <div class='ocr_carea' id='block_1_5' title="bbox 367 2452 1889 2519">
    <p class='ocr_par' dir='ltr' id='par_1_6' title="bbox 367 2452 1889 2519">
     <span class='ocr_line' id='line_1_27' title="bbox 367 2452 1889 2519; baseline 0.001 -13"><span class='ocrx_word' id='word_1_185' title='bbox 367 2452 467 2515; x_wconf 84' lang='lat' dir='ltr'>Qui</span> <span class='ocrx_word' id='word_1_186' title='bbox 488 2454 594 2503; x_wconf 79' lang='lat' dir='ltr'>volt</span> <span class='ocrx_word' id='word_1_187' title='bbox 615 2468 724 2503; x_wconf 82' lang='lat' dir='ltr'>esse</span> <span class='ocrx_word' id='word_1_188' title='bbox 745 2453 881 2517; x_wconf 89' lang='lat' dir='ltr'>quod</span> <span class='ocrx_word' id='word_1_189' title='bbox 901 2454 1019 2511; x_wconf 82' lang='lat' dir='ltr'>volt,</span> <span class='ocrx_word' id='word_1_190' title='bbox 1035 2454 1111 2503; x_wconf 76' lang='lat' dir='ltr'>ita</span> <span class='ocrx_word' id='word_1_191' title='bbox 1130 2454 1219 2503; x_wconf 84' lang='lat' dir='ltr'>dat</span> <span class='ocrx_word' id='word_1_192' title='bbox 1242 2470 1295 2505; x_wconf 83' lang='lat' dir='ltr'>se</span> <span class='ocrx_word' id='word_1_193' title='bbox 1315 2470 1411 2517; x_wconf 85' lang='lat' dir='ltr'>res,</span> <span class='ocrx_word' id='word_1_194' title='bbox 1429 2463 1486 2505; x_wconf 83' lang='lat' dir='ltr'>ut</span> <span class='ocrx_word' id='word_1_195' title='bbox 1508 2471 1713 2519; x_wconf 81' lang='lat' dir='ltr'>operam</span> <span class='ocrx_word' id='word_1_196' title='bbox 1737 2456 1889 2507; x_wconf 78' lang='lat' dir='ltr'>dabit..</span> 
     </span>
    </p>
   </div>
   <div class='ocr_carea' id='block_1_6' title="bbox 303 2576 1723 2648">
    <p class='ocr_par' dir='ltr' id='par_1_7' title="bbox 303 2576 1723 2648">
     <span class='ocr_line' id='line_1_28' title="bbox 303 2576 1723 2648; baseline 0.001 -13"><span class='ocrx_word' id='word_1_197' title='bbox 303 2576 420 2648; x_wconf 79' lang='lat' dir='ltr'>Qui</span> <span class='ocrx_word' id='word_1_198' title='bbox 448 2584 535 2635; x_wconf 90' lang='lat' dir='ltr'>est</span> <span class='ocrx_word' id='word_1_199' title='bbox 562 2596 757 2635; x_wconf 87' lang='lat' dir='ltr'>versus</span> <span class='ocrx_word' id='word_1_200' title='bbox 787 2578 1046 2635; x_wconf 89' lang='lat' dir='ltr'>omnium</span> <span class='ocrx_word' id='word_1_201' title='bbox 1079 2578 1390 2636; x_wconf 88' lang='lat' dir='ltr'>seminator</span> <span class='ocrx_word' id='word_1_202' title='bbox 1424 2579 1723 2638; x_wconf 87' lang='lat' dir='ltr'>malorum.</span> 
     </span>
    </p>
   </div>
   <div class='ocr_carea' id='block_1_7' title="bbox 319 2674 1991 2889">
    <p class='ocr_par' dir='ltr' id='par_1_8' title="bbox 319 2674 1991 2889">
     <span class='ocr_line' id='line_1_29' title="bbox 319 2674 1667 2761; baseline 0 -14"><span class='ocrx_word' id='word_1_203' title='bbox 319 2674 330 2681; x_wconf 50' lang='grc'><em>“</em></span> <span class='ocrx_word' id='word_1_204' title='bbox 371 2698 465 2747; x_wconf 83' lang='lat' dir='ltr'>Ine</span> <span class='ocrx_word' id='word_1_205' title='bbox 481 2690 706 2747; x_wconf 74' lang='lat' dir='ltr'>&#39;traversa</span> <span class='ocrx_word' id='word_1_206' title='bbox 727 2706 896 2747; x_wconf 87' lang='lat' dir='ltr'>mente</span> <span class='ocrx_word' id='word_1_207' title='bbox 919 2698 990 2745; x_wconf 91' lang='lat' dir='ltr'>mi</span> <span class='ocrx_word' id='word_1_208' title='bbox 1011 2696 1161 2747; x_wconf 86' lang='lat' dir='ltr'>hodie</span> <span class='ocrx_word' id='word_1_209' title='bbox 1184 2698 1391 2747; x_wconf 79' lang='lat' dir='ltr'>tradidit</span> <span class='ocrx_word' id='word_1_210' title='bbox 1414 2700 1667 2761; x_wconf 80' lang='lat' dir='ltr'>repagula,</span> 
     </span>
     <span class='ocr_line' id='line_1_30' title="bbox 325 2762 1991 2827; baseline 0 -16"><span class='ocrx_word' id='word_1_211' title='bbox 325 2769 332 2779; x_wconf 94' lang='grc'><em>’</em></span> <span class='ocrx_word' id='word_1_212' title='bbox 373 2762 565 2823; x_wconf 84' lang='lat' dir='ltr'>Quibus</span> <span class='ocrx_word' id='word_1_213' title='bbox 579 2778 671 2823; x_wconf 88' lang='lat' dir='ltr'>ego</span> <span class='ocrx_word' id='word_1_214' title='bbox 684 2764 810 2812; x_wconf 84' lang='lat' dir='ltr'>iram</span> <span class='ocrx_word' id='word_1_215' title='bbox 825 2778 1028 2811; x_wconf 87' lang='lat' dir='ltr'>omnem</span> <span class='ocrx_word' id='word_1_216' title='bbox 1041 2763 1293 2811; x_wconf 82' lang='lat' dir='ltr'>recludam</span> <span class='ocrx_word' id='word_1_217' title='bbox 1314 2775 1465 2825; x_wconf 80' lang='lat' dir='ltr'>atque</span> <span class='ocrx_word' id='word_1_218' title='bbox 1478 2764 1548 2813; x_wconf 86' lang='lat' dir='ltr'>illi</span> <span class='ocrx_word' id='word_1_219' title='bbox 1566 2764 1831 2827; x_wconf 85' lang='lat' dir='ltr'>perniciem</span> <span class='ocrx_word' id='word_1_220' title='bbox 1847 2762 1991 2825; x_wconf 81' lang='lat' dir='ltr'>dabo,</span> 
     </span>
     <span class='ocr_line' id='line_1_31' title="bbox 321 2826 1883 2889; baseline -0.002 -12"><span class='ocrx_word' id='word_1_221' title='bbox 321 2834 328 2839; x_wconf 82' lang='lat'><strong>‘</strong></span> <span class='ocrx_word' id='word_1_222' title='bbox 372 2826 504 2877; x_wconf 88' lang='lat' dir='ltr'>Mihi</span> <span class='ocrx_word' id='word_1_223' title='bbox 527 2842 793 2888; x_wconf 82' lang='lat' dir='ltr'>maerorcS‚</span> <span class='ocrx_word' id='word_1_224' title='bbox 816 2827 887 2876; x_wconf 90' lang='lat' dir='ltr'>illi</span> <span class='ocrx_word' id='word_1_225' title='bbox 914 2828 1121 2889; x_wconf 89' lang='lat' dir='ltr'>luctum,</span> <span class='ocrx_word' id='word_1_226' title='bbox 1141 2828 1352 2876; x_wconf 84' lang='lat' dir='ltr'>exitium</span> <span class='ocrx_word' id='word_1_227' title='bbox 1376 2830 1466 2888; x_wconf 83' lang='lat' dir='ltr'>ini,</span> <span class='ocrx_word' id='word_1_228' title='bbox 1487 2830 1718 2877; x_wconf 87' lang='lat' dir='ltr'>exsilium</span> <span class='ocrx_word' id='word_1_229' title='bbox 1744 2828 1883 2880; x_wconf 77' lang='lat' dir='ltr'>mihi,</span> 
     </span>
    </p>
   </div>
   <div class='ocr_carea' id='block_1_8' title="bbox 304 2938 2003 3261">
    <p class='ocr_par' dir='ltr' id='par_1_9' title="bbox 304 2938 2003 3261">
     <span class='ocr_line' id='line_1_32' title="bbox 304 2938 2001 3019; baseline -0.004 -16"><span class='ocrx_word' id='word_1_230' title='bbox 304 2944 480 3003; x_wconf 84' lang='lat' dir='ltr'>Hanc</span> <span class='ocrx_word' id='word_1_231' title='bbox 491 2943 758 3001; x_wconf 87' lang='lat' dir='ltr'>videlicet</span> <span class='ocrx_word' id='word_1_232' title='bbox 773 2944 1074 3013; x_wconf 88' lang='lat' dir='ltr'>rationem,</span> <span class='ocrx_word' id='word_1_233' title='bbox 1086 2962 1259 3019; x_wconf 90' lang='lat' dir='ltr'>quam</span> <span class='ocrx_word' id='word_1_234' title='bbox 1274 2962 1377 2999; x_wconf 91' lang='lat' dir='ltr'>vos</span> <span class='ocrx_word' id='word_1_235' title='bbox 1395 2943 1591 2999; x_wconf 91' lang='lat' dir='ltr'>divino</span> <span class='ocrx_word' id='word_1_236' title='bbox 1608 2938 1887 2998; x_wconf 86' lang='lat' dir='ltr'>beneficio</span> <span class='ocrx_word' id='word_1_237' title='bbox 1900 2943 2001 2997; x_wconf 89' lang='lat' dir='ltr'>ho-</span> 
     </span>
     <span class='ocr_line' id='line_1_33' title="bbox 305 3019 1997 3092; baseline -0.004 -11"><span class='ocrx_word' id='word_1_238' title='bbox 305 3024 454 3082; x_wconf 88' lang='lat' dir='ltr'>mini</span> <span class='ocrx_word' id='word_1_239' title='bbox 483 3023 669 3081; x_wconf 89' lang='lat' dir='ltr'>solum</span> <span class='ocrx_word' id='word_1_240' title='bbox 691 3023 970 3081; x_wconf 85' lang='lat' dir='ltr'>tributam</span> <span class='ocrx_word' id='word_1_241' title='bbox 992 3022 1203 3092; x_wconf 79' lang='lat' dir='ltr'>dicitis,</span> <span class='ocrx_word' id='word_1_242' title='bbox 1226 3022 1443 3078; x_wconf 88' lang='lat' dir='ltr'>bestiae</span> <span class='ocrx_word' id='word_1_243' title='bbox 1464 3040 1583 3075; x_wconf 90' lang='lat' dir='ltr'>non</span> <span class='ocrx_word' id='word_1_244' title='bbox 1606 3019 1835 3075; x_wconf 88' lang='lat' dir='ltr'>habent.</span> <span class='ocrx_word' id='word_1_245' title='bbox 1906 3022 1997 3075; x_wconf 84' lang='lat'>67.</span> 
     </span>
     <span class='ocr_line' id='line_1_34' title="bbox 305 3095 2003 3179; baseline -0.007 -16"><span class='ocrx_word' id='word_1_246' title='bbox 305 3104 568 3163; x_wconf 88' lang='lat' dir='ltr'>Videsne</span> <span class='ocrx_word' id='word_1_247' title='bbox 590 3104 768 3179; x_wconf 85' lang='lat' dir='ltr'>igitur</span> <span class='ocrx_word' id='word_1_248' title='bbox 790 3109 1006 3179; x_wconf 88' lang='lat' dir='ltr'>quanto</span> <span class='ocrx_word' id='word_1_249' title='bbox 1028 3119 1267 3158; x_wconf 91' lang='lat' dir='ltr'>munere</span> <span class='ocrx_word' id='word_1_250' title='bbox 1290 3101 1529 3171; x_wconf 81' lang='lat' dir='ltr'>deorum</span> <span class='ocrx_word' id='word_1_251' title='bbox 1553 3098 1733 3151; x_wconf 89' lang='lat' dir='ltr'>simus</span> <span class='ocrx_word' id='word_1_252' title='bbox 1754 3095 2003 3153; x_wconf 65' lang='lat' dir='ltr'>adfecti?</span> 
     </span>
     <span class='ocr_line' id='line_1_35' title="bbox 307 3172 1901 3261; baseline -0.007 -19"><span class='ocrx_word' id='word_1_253' title='bbox 307 3184 510 3261; x_wconf 80' lang='lat' dir='ltr'>Atque.</span> <span class='ocrx_word' id='word_1_254' title='bbox 537 3183 736 3261; x_wconf 82' lang='lat' dir='ltr'>eadem</span> <span class='ocrx_word' id='word_1_255' title='bbox 767 3180 974 3239; x_wconf 87' lang='lat' dir='ltr'>Medea</span> <span class='ocrx_word' id='word_1_256' title='bbox 999 3187 1224 3255; x_wconf 87' lang='lat' dir='ltr'>patrem</span> <span class='ocrx_word' id='word_1_257' title='bbox 1252 3177 1612 3254; x_wconf 86' lang='lat' dir='ltr'>patriamque</span> <span class='ocrx_word' id='word_1_258' title='bbox 1639 3172 1901 3247; x_wconf 79' lang='lat' dir='ltr'>fugiens:</span> 
     </span>
    </p>
   </div>
  </div>
 </body>
</html>
