2199 3546
163 103 230 152 34
605 101 704 150 DE
735 97 1040 152 NATURA
1072 99 1397 150 DEORUM.

165 201 490 280 quaerenda
515 207 652 259 sunt
679 199 886 278 quibus
912 200 1024 259 hoc
1055 200 1386 259 refellatur?
1452 199 1694 258 Utinam
1725 207 1845 259 tam

163 283 332 340 facile
365 301 498 339 vera
528 281 783 339 invenire
816 299 1042 358 possem
1088 300 1259 359 quam
1292 280 1437 338 falsa
1478 281 1846 339 convincere!

164 361 457 421 XXXIII.
494 361 727 418 Etenim
761 361 1107 418 enumerasti
1139 361 1472 419 memoriter
1504 367 1563 418 et
1596 361 1845 437 copiose,

165 449 232 500 ut
257 442 404 502 mihi
435 441 667 518 quidem
695 441 963 498 admirari
984 440 1207 498 luberet
1232 441 1293 497 in
1323 441 1559 498 homine
1586 459 1707 498 esse
1736 440 1851 498 Ro-

163 541 337 579 mano
359 529 578 579 tantam
597 521 911 591 scientiam,
931 539 1113 598 usque
1134 538 1167 578 a
1183 520 1362 578 Thale
1376 520 1601 578 Milesio
1623 520 1695 578 dc
1717 521 1851 578 deo-

165 620 291 658 rum
321 608 525 658 natura
550 600 1029 677 philosophorum
1057 601 1384 658 sententiaa
1432 606 1526 658 92.
1558 599 1849 658 Omnesne

163 681 272 739 tibi
294 680 376 739 illi
397 681 634 739 delirare
655 681 762 738 visi
791 686 941 745 sunt,
963 680 1062 757 qui
1090 681 1213 738 sine
1239 680 1504 738 manibus
1524 686 1584 738 et
1603 680 1849 758 pedibus

164 769 424 819 constare
457 761 628 818 deum
664 779 832 838 posse
875 761 1283 818 decreverunt?
1344 760 1435 818 Ne
1467 760 1579 817 hoc
1614 760 1845 837 quidem
1904 830 1907 833 1

167 860 266 898 vos
313 848 524 911 movet,
555 840 981 898 considerantes
1022 858 1168 917 quae
1212 840 1289 897 sit
1332 840 1553 897 utilitas
1590 858 1849 917 quaeque

164 921 567 997 oppoxtunitas
621 921 680 976 in
729 919 965 976 homine
1018 919 1427 990 membrorum,
1470 926 1538 977 ut
1585 920 1849 977 iudicetis

163 1000 436 1058 membris
469 1000 736 1058 humanis
763 999 903 1057 deos
934 1019 1052 1057 non
1095 1001 1301 1078 egere?
1382 1000 1538 1070 Quid
1563 1001 1715 1058 enim
1752 1018 1849 1076 pe-

164 1080 336 1137 dibus
371 1098 516 1157 opus
551 1087 636 1137 est
659 1080 781 1137 sine
809 1080 1109 1155 ingressu?
1150 1080 1289 1156 quid
1318 1079 1600 1151 manibuS,
1624 1080 1670 1136 si
1702 1079 1847 1137 nihil

164 1159 766 1237 comprehendendum
789 1161 906 1217 est?
936 1159 1074 1236 quid
1093 1160 1309 1237 reliqua
1326 1160 1707 1238 descriptione
1730 1179 1851 1216 om·-

163 1240 325 1297 nium
360 1239 616 1316 corporis
643 1240 910 1316 partium,
936 1240 994 1296 in
1025 1258 1140 1317 qua
1172 1239 1313 1298 nihil
1343 1237 1528 1312 inane,
1554 1239 1696 1297 nihil
1726 1240 1849 1297 sine

164 1339 348 1390 causa,
387 1318 532 1376 nihil
576 1338 1056 1394 supervacaneum
1108 1321 1231 1378 est?
1312 1319 1515 1397 Itaque
1559 1319 1716 1384 nulla
1758 1339 1849 1377 ars

163 1399 377 1457 imitari
425 1398 734 1457 sollertiam
784 1407 1019 1457 naturae
1071 1406 1281 1476 potest.
1364 1399 1624 1458 Habebit
1668 1399 1849 1477 igitur

163 1479 420 1555 linguam
444 1479 585 1536 deus
605 1486 664 1536 et
685 1498 801 1536 non
824 1479 1105 1557 loquetur,
1123 1479 1341 1551 denteS,
1361 1480 1634 1556 palatum,
1654 1481 1849 1537 fauces

164 1558 385 1616 nullum
413 1559 488 1616 ad
508 1578 692 1630 usum,
716 1578 972 1637 quaeque
999 1560 1413 1636 procreationis
1445 1579 1615 1617 causa
1646 1567 1850 1617 natura

163 1639 391 1716 corpori
418 1638 677 1710 adfinxit,
697 1657 766 1696 ea
791 1639 1006 1696 frustra
1032 1639 1270 1698 habebit
1296 1639 1453 1710 dena,
1478 1659 1583 1698 nec
1617 1648 1850 1698 externa

161 1719 349 1797 magis
391 1737 564 1797 quam
606 1719 893 1791 interiora,
929 1738 1043 1790 cor,
1079 1719 1399 1796 pulmones„
1435 1719 1606 1791 iecur,
1643 1727 1846 1791 cetera,

165 1818 309 1877 quae
337 1800 594 1857 detracta
619 1799 869 1857 utilitate
893 1799 1031 1876 quid
1053 1799 1269 1858 habent
1289 1801 1641 1858 venustatis?
1674 1820 1850 1877 quan-

164 1880 242 1937 do
277 1880 511 1957 quidem
540 1879 680 1937 haec
713 1898 834 1937 esse
863 1879 924 1936 in
956 1879 1066 1937 deo
1095 1887 1334 1957 propter
1358 1880 1848 1957 pulchritudinem

163 1959 352 2018 vultis,
437 1965 530 2017 93.
577 1958 784 2017 Istisne
812 1959 1054 2017 fidentes
1087 1961 1327 2017 somniis
1360 1979 1476 2017 non
1510 1960 1687 2017 modo
1715 1960 1851 2037 Epi-

164 2059 332 2097 curus
361 2047 421 2098 et
446 2039 812 2097 Metrodorus
839 2046 898 2096 et
919 2039 1309 2097 Hermarchus
1337 2046 1537 2097 contra
1556 2039 1852 2117 Pythago-

129 2122 136 2127 '
162 2139 303 2191 ram,
327 2120 631 2177 Platonem
665 2119 1189 2196 Empedoclemque
1224 2120 1507 2191 dixerunt,
1540 2120 1641 2177 sed
1672 2140 1851 2177 mere-

163 2200 366 2257 tricula
386 2199 558 2257 etiam
579 2199 883 2257 Leontium
907 2206 1107 2256 contra
1122 2200 1583 2277 Theophrastum
1607 2200 1848 2258 scribere

163 2298 304 2338 ausa
329 2280 452 2337 est?
493 2279 638 2337 scito
661 2278 760 2336 illa
787 2278 1020 2355 quidem
1050 2298 1311 2337 sermone
1339 2287 1397 2337 et
1418 2281 1619 2338 Attico
1648 2280 1749 2337 sed
1768 2289 1851 2338 ta-

164 2379 314 2417 men.
335 2403 349 2417 .
371 2403 384 2417 .
407 2403 420 2417 .
440 2358 692 2416 Tantum
713 2359 948 2436 Epicuri
970 2358 1172 2416 hort-us
1195 2359 1396 2417 habuit
1416 2360 1694 2418 licentiae.
1771 2360 1850 2418 Et

165 2439 360 2497 soletis
395 2440 592 2516 queri?
673 2438 826 2496 Zeno
863 2438 1094 2514 quidem
1127 2440 1301 2497 etiam
1331 2439 1608 2516 litigabat.
1693 2439 1849 2508 Quid

164 2519 354 2577 dicam
392 2519 744 2577 Albucium?
827 2518 974 2575 Nam
1019 2518 1285 2577 Phaedro
1326 2520 1472 2577 nihil
1514 2520 1847 2595 eleganti11S‚

164 2598 309 2656 nihil
346 2599 668 2657 humanius,
753 2597 869 2656 Sed
907 2600 1371 2657 stomachabatur
1409 2619 1597 2671 senex,
1629 2600 1675 2656 si
1711 2600 1851 2677 quid

164 2680 419 2757 asperius
452 2678 725 2749 dixeram,
750 2697 880 2736 cum
915 2678 1199 2757 Epicurus
1233 2680 1604 2737 Aristotelem
1635 2681 1853 2738 vexarit

163 2758 758 2829 contumeliosissime,
805 2757 1109 2817 Phaedoni
1169 2759 1461 2817 Socratico
1522 2761 1853 2837 turpissime

163 2839 312 2897 male
341 2838 567 2909 dixerit,
592 2837 909 2897 Metrodori
939 2838 1151 2896 sodalis
1179 2840 1267 2897 sui
1288 2840 1545 2910 fratrem,
1566 2839 1854 2897 Timocra-

163 2924 301 2990 tem,
322 2918 458 2995 quia
483 2919 677 2975 nescio
707 2918 847 2995 quid
870 2918 928 2976 in
951 2918 1321 2997 philosophia
1350 2920 1693 2990 dissentiret,
1714 2920 1855 2977 totis

165 2997 556 3056 voluminibus
582 2999 912 3070 conciderit,
932 2999 992 3055 in
1020 2999 1421 3057 Democritum
1451 3000 1659 3077 ipsum,
1682 3020 1853 3077 quem

165 3085 392 3137 secutus
420 3084 522 3151 est,
547 3078 724 3137 fuerit
749 3078 1024 3155 ingratnS,
1044 3077 1493 3157 Nausiphanem,
1514 3080 1852 3157 magistrum

165 3177 352 3229 suum,
375 3177 411 3216 a
443 3176 560 3234 quo
594 3152 758 3236 [non]
793 3158 939 3216 nihil
973 3158 1270 3229 didicerat,
1295 3165 1412 3216 tam
1449 3160 1595 3217 male
1630 3180 1853 3229 accepe-
