2199 3546
486 145 626 194 ΜΒ.
657 143 756 205 11.‚
771 141 944 194 'CAR
967 139 1471 210 mla-xxx,
1494 140 1527 202 5
1550 145 1726 194 70-76.
1894 147 1957 195 rs

269 244 530 305 videntia·
555 241 840 302 mundum
877 243 1301 302 administrari:
1350 262 1595 321 magnus
1628 263 1763 302 sane
1797 243 1959 303 locus

266 334 356 384 est
383 334 444 384 et
469 346 506 383 a
531 324 750 396 vestriS,
774 325 966 394 Cotta,
987 330 1237 394 vexatuS,
1262 342 1328 380 ac
1356 323 1625 381 nimirum
1656 323 1955 382 vobiscum

266 425 442 464 omne
463 413 751 464 certamen
773 411 876 462 est.
945 403 1097 461 Nam
1122 401 1285 461 vobis
1286 403 1515 475 ,Vellei,
1536 404 1727 462 minus
1746 411 1965 462 notum.

265 493 364 544 e'st
383 503 556 562 quem
584 485 660 542 ad
685 483 928 542 modum
957 483 1213 561 quidque
1239 483 1479 542 dicatur.
1556 484 1767 544 Vestra
1796 485 1953 544 enim

265 565 452 622 solum
482 564 690 642 legitis,
715 570 904 622 vestra
929 564 1167 621 amatis:
1211 569 1430 622 ceteros
1462 583 1633 621 causa
1656 564 1957 641 incognita

265 645 679 703 condemnatis.
763 644 943 703 Velut
973 663 1010 700 a
1037 650 1099 701 te
1132 643 1263 720 ipso
1293 641 1563 702 hesterno
1602 643 1699 702 die
1729 644 1953 703 dictum

265 733 354 782 est
381 743 556 783 anum
583 724 885 783 fatidicam
916 725 1185 799 πρόνοιαν
1212 743 1247 781 a
1279 723 1493 782 Stoicis
1518 723 1733 795 induci,
1756 723 1819 782 id
1846 732 1951 796 est,

264 804 703 880 providentiam.
788 803 960 872 Quod
1001 823 1070 862 eo
1113 822 1301 862 errore
1342 803 1559 874 dixisti,
1586 802 1725 880 quia
1762 804 1955 862 existi-

263 901 389 942 mas
415 884 488 942 ab
516 885 607 942 his
634 883 1057 962 providentiam
1083 883 1229 961 fingi
1256 882 1419 960 quasi
1452 883 1745 961 quandam
1786 884 1954 944 deam

263 963 628 1042 singularem,
649 983 796 1042 quae
815 963 1109 1022 mundum.
1130 982 1361 1021 omnem
1382 962 1665 1040 gubernet
1690 971 1751 1022 et
1772 972 1951 1042 regat,

263 1045 366 1102 sed
386 1045 448 1102 id
475 1045 728 1122 praecise
753 1044 980 1102 dicitur.
1051 1044 1146 1102 74.
1177 1043 1267 1103 Ut
1294 1044 1341 1101 si
1370 1043 1499 1122 quis
1526 1043 1683 1102 dieat
1708 1043 1955 1104 Atheni·

263 1123 486 1182 ensium
514 1144 634 1182 rem
657 1124 946 1202 publicam
973 1123 1216 1187 consilio
1242 1125 1383 1201 regi,
1400 1124 1549 1182 desit
1570 1123 1714 1182 illud
1736 1125 1955 1184 “Areo-

261 1203 455 1282 pagi,''
491 1205 588 1275 sic,
613 1221 746 1262 cum
780 1204 1026 1261 dicimus
1059 1203 1423 1282 providentia
1454 1204 1739 1262 mundum
1772 1204 1953 1264 admi·-

261 1284 508 1356 nistrari,
533 1284 728 1342 deesse
767 1283 1078 1342 arbitrator
1111 1283 1460 1342 “deorum”
1544 1283 1723 1342 Plene
1756 1293 1949 1344 autem

262 1370 324 1420 et
354 1364 608 1440 perfecte
649 1364 732 1422 sic
772 1365 888 1422 dici
929 1363 1274 1435 existimato,
1305 1363 1669 1440 providentia
1708 1364 1949 1423 deorum

261 1443 554 1501 mundum
586 1443 988 1502 administrari.
1075 1443 1170 1502 Ita
1200 1444 1374 1502 salem
1410 1444 1605 1517 istum,
1636 1464 1751 1522 quo
1794 1452 1951 1504 caret

261 1533 449 1581 vestra
483 1522 656 1595 nati0,
683 1525 742 1582 in
776 1523 1082 1582 irridendis
1114 1523 1289 1582 nobis·
1316 1525 1561 1585 nolitote
1594 1545 1945 1598 consumere,

261 1610 324 1660 et
352 1603 651 1675 mehercle,
679 1604 730 1662 si
763 1623 856 1662 me
887 1604 1155 1675 audiatis,
1176 1622 1251 1662 ne
1284 1605 1660 1681 experiamini
1692 1606 1943 1684 quidem.

260 1681 398 1741 Non
431 1685 610 1756 decet,
639 1703 758 1742 nou
793 1683 992 1742 datum
1025 1691 1133 1756 est,
1162 1703 1279 1742 non
1314 1685 1571 1762 potestis.
1656 1685 1713 1743 N
1714 1705 1779 1744 ec
1811 1705 1947 1744 vero

259 1763 414 1823 hoc'
399 1781 460 1821 m
488 1771 546 1822 te
579 1784 758 1823 unum
791 1765 1064 1823 convenit
1093 1764 1353 1823 moribus
1385 1764 1716 1824 domesticis
1746 1786 1814 1825 ae
1846 1786 1947 1825 no·-

259 1852 508 1903 strorum
531 1845 836 1903 hominum
851 1845 1183 1904 urbanitate
1204 1846 1485 1917 limatum,
1506 1846 1609 1903 sed
1628 1865 1761 1903 cum
1781 1846 1843 1903 in
1865 1865 1949 1905 re-

258 1924 450 2002 liquos
475 1932 696 1983 vestros
719 1932 849 1983 tum
881 1926 942 1983 in
977 1944 1111 1984 eum
1142 1926 1409 1997 maxime,
1436 1925 1536 2003 qui
1564 1926 1675 1983 ists
1699 1927 1943 2003 peperit,

257 2004 556 2063 hominem
590 2006 712 2063 sine
745 2013 884 2078 arte,
913 2006 1037 2063 sine
1069 2005 1293 2077 litteris,
1322 2005 1694 2063 insultantem
1729 2006 1790 2062 in
1824 2026 1947 2063 om-

256 2104 376 2154 nes,
404 2085 530 2143 sine
571 2085 834 2143 acumine
868 2086 1002 2156 ullo,
1033 2086 1157 2143 sine
1188 2084 1547 2157 auctoritate,
1578 2085 1700 2143 sine
1733 2086 1941 2163 lepore.

257 2164 458 2224 XXX.
516 2166 608 2224 75.
631 2165 784 2224 Dico
805 2165 986 2243 igitur
1003 2165 1367 2243 providentia
1392 2164 1631 2223 deorum
1660 2166 1943 2225 mundum

258 2252 318 2303 et
351 2264 552 2303 omnes
591 2246 796 2304 mundi
818 2253 1020 2323 “partes
1059 2252 1121 2304 et
1153 2245 1323 2303 initio
1357 2246 1699 2304 constitutas
1732 2266 1853 2305 esse
1886 2248 1947 2305 et

258 2326 420 2383 omni
459 2332 722 2403 tempore
761 2325 1165 2397 administrari,
1207 2345 1447 2404 eamque
1490 2326 1943 2405 disputationem

257 2412 376 2463 tres
393 2406 454 2462 in
474 2416 666 2483 partes
687 2406 870 2464 nostri
890 2407 1012 2463 fere
1032 2406 1319 2479 dividunt,
1342 2426 1581 2484 quarum
1604 2407 1792 2485 prima
1812 2428 1944 2485 pars

257 2492 360 2556 est,
382 2505 526 2563 quae
553 2486 785 2544 ducitur
811 2486 882 2543 ab
912 2505 980 2543 ea
1006 2487 1244 2558 ratione,
1266 2506 1411 2564 quae
1437 2487 1609 2545 docet
1636 2506 1757 2545 esse
1786 2488 1941 2560 deos,

257 2585 374 2643 quo
407 2584 676 2624 concesso
711 2564 1103 2625 confitendum
1138 2573 1227 2623 est
1258 2586 1455 2623 eorum
1498 2567 1739 2625 consilio
1780 2586 1947 2645 mun-

256 2645 396 2704 dum
429 2646 842 2704 administrari.
927 2646 1193 2705 Secunda
1232 2653 1321 2703 est
1352 2653 1563 2720 autem,
1594 2666 1739 2726 quae
1773 2648 1945 2707 docet

257 2744 459 2783 omnes
489 2746 580 2783 res
613 2726 896 2784 subiectas
921 2745 1053 2784 esse
1083 2733 1318 2785 naturae
1354 2728 1626 2787 sentienti
1656 2728 1731 2786 ab
1764 2748 1945 2806 eaque

257 2806 454 2863 omnia
472 2805 852 2883 pulcherrime
873 2806 1036 2884 geri.⁸
1081 2806 1212 2874 Quo
1240 2808 1557 2866 constituto
1577 2808 1843 2887 sequitur
1870 2809 1943 2867 ab

255 2886 646 2944 animantibus
671 2886 970 2964 principiis
998 2905 1124 2944 eam
1152 2906 1275 2945 esse
1302 2896 1647 2965 generatam.
1715 2887 1943 2946 Tertius

255 2972 344 3022 est
369 2964 547 3039 loeus,
571 2968 672 3043 qui
701 2966 932 3024 ducitur
958 2986 1029 3025 ex
1055 2966 1437 3026 admiratione
1468 2986 1657 3027 rerum
1692 2968 1945 3027 caelesti-

255 3064 353 3103 um
385 3052 562 3123 atque
583 3048 954 3105 terrestrium.

339 3124 430 3183 76.
469 3125 732 3183 Primum
766 3126 948 3203 igitur
986 3133 1088 3185 aut
1120 3094 1461 3219 negandum·
1490 3133 1581 3185 est
1619 3146 1741 3186 esse
1782 3126 1943 3195 deOS,

257 3205 414 3279 quod
441 3213 502 3263 ct
526 3206 898 3264 Democritus
929 3205 1233 3266 simulacra
1265 3214 1327 3268 et
1352 3206 1636 3284 Epicurus
1660 3207 1953 3285 imagines
