2199 3546
647 503 736 567 M.
781 502 1075 567 TULLII
1132 501 1601 565 CICERONIS

410 665 581 748 DE
644 665 1199 747 NATURA
1256 625 1836 744 DEORUM

830 836 944 912 AD
981 837 1062 911 M.
1102 835 1432 912 BRUTUM

685 1001 1015 1064 LIBER
1072 999 1567 1064 TERTIUS.

823 1235 1434 1288 ARGUMENTUM.

349 1336 465 1387 Hoc
489 1335 618 1385 libro
642 1335 926 1385 continetur
950 1336 1131 1386 Cottae
1152 1333 1446 1384 Academici
1467 1341 1642 1383 contra
1663 1333 1884 1384 Stoicam
1910 1333 1975 1383 de

281 1402 364 1452 dis
389 1401 632 1451 rationem
659 1401 946 1464 disputatiO.
1020 1402 1114 1462 Ea,
1138 1409 1195 1449 ut
1221 1400 1471 1462 superiore
1492 1399 1633 1460 libro,
1656 1400 1710 1448 in
1736 1408 1975 1463 quattuor

281 1476 450 1531 partes
471 1467 736 1516 distributa
761 1475 854 1516 est.
925 1466 1058 1515 Nam
1083 1465 1355 1528 praemisso
1376 1466 1631 1528 prooemio
1654 1465 1814 1527 prima
1834 1473 1977 1527 parte

281 1533 370 1582 ille
395 1531 676 1595 respondet,
697 1546 804 1594 cap.
828 1534 942 1592 3-7,
967 1531 996 1590 ἓ
1021 1534 1169 1592 6-19,
1192 1531 1259 1579 ad
1280 1546 1356 1593 ea,
1374 1531 1555 1594 quibus
1580 1530 1772 1580 Balbus
1797 1530 1975 1579 docere

282 1598 508 1648 voluerat
532 1612 640 1646 esse
667 1597 802 1646 deos,
874 1599 956 1646 Ac
981 1597 1143 1660 primo
1170 1596 1374 1659 quidem
1397 1596 1485 1658 ita,
1506 1605 1563 1645 ut
1584 1595 1816 1646 ostendat
1837 1609 1977 1658 prae-

283 1673 366 1712 ter
387 1678 491 1712 rem
515 1663 819 1722 argumentis
841 1676 952 1710 eam
972 1670 1165 1724 partem
1186 1661 1393 1710 rationis
1410 1661 1607 1711 Stoicae
1629 1661 1973 1710 confirmatam

283 1743 412 1791 esse,
433 1727 475 1778 si
502 1727 706 1793 quidem
732 1743 905 1778 verum
932 1728 1012 1789 sit,
1041 1727 1177 1791 quod
1200 1727 1355 1778 Stoici
1382 1727 1567 1790 dicant,
1590 1741 1697 1777 esse
1724 1724 1861 1787 deos,
1882 1740 1976 1776 nec

281 1808 434 1856 egere
457 1795 681 1843 oratione
707 1809 828 1855 rem,
851 1794 985 1857 quod
1007 1794 1072 1842 sit
1093 1793 1367 1856 perspicua,
1391 1801 1449 1842 ut
1470 1793 1601 1842 inter
1626 1807 1799 1843 omnes
1826 1792 1890 1842 de
1915 1808 1977 1842 ea

283 1875 340 1909 re
366 1868 576 1920 constet,
596 1859 776 1909 deinde
802 1861 909 1920 agit
933 1860 998 1908 de
1023 1866 1318 1919 argumento
1344 1873 1377 1907 a
1400 1858 1707 1907 divinatione
1728 1858 1899 1920 petito,
1923 1867 1977 1907 et

284 1924 546 1975 Cleanthis
568 1933 618 1973 et
639 1924 903 1988 Chrysippi
920 1932 1217 1985 argumenta
1231 1924 1444 1973 breviter
1460 1924 1788 1986 reprehendit,
1804 1938 1977 1987 quam-

283 2006 440 2055 quam
466 2006 527 2039 ea
551 2004 666 2053 pars
692 2004 790 2038 non
819 1990 1012 2051 integra
1037 1990 1103 2037 ad
1131 2003 1221 2038 nos
1246 1988 1487 2051 pervenit.
1560 1989 1789 2039 Secunda
1813 1998 1970 2051 parte,

283 2070 396 2118 cap.
419 2058 566 2115 8-25,
589 2054 618 2113 §
643 2057 816 2115 19-65,
840 2054 1010 2103 omnia
1032 2070 1092 2103 ea
1109 2054 1483 2117 impugnantur,
1506 2068 1635 2117 quae
1657 2053 1721 2103 de
1742 2054 1819 2103 dis
1836 2055 1970 2117 ipsis,

283 2120 456 2185 quales
487 2128 666 2180 essent,
695 2121 950 2183 disputata
982 2128 1139 2169 erant..
1212 2120 1391 2183 Itaque
1416 2119 1578 2182 primo
1604 2132 1705 2167 non
1738 2132 1800 2169 ea
1830 2135 1977 2180 argu·

284 2194 458 2235 menta
479 2186 639 2235 solum
660 2185 902 2247 dissolvit,
924 2185 1105 2249 quibus
1122 2185 1324 2246 mundo,
1344 2185 1455 2247 soli,
1474 2185 1620 2234 lunae
1636 2185 1979 2249 sideribusque

284 2251 520 2300 divinitas
541 2251 790 2300 vindicata
811 2260 934 2312 erat,
959 2251 1046 2299 sed
1067 2251 1219 2299 etiam
1243 2266 1305 2301 ea
1326 2251 1495 2314 opinio
1514 2265 1665 2314 quam
1681 2250 1894 2300 absurda
1910 2252 1978 2300 sit

284 2316 507 2379 pluribus
539 2317 844 2377 argumentis
878 2316 1215 2366 demonstrat:
1265 2332 1477 2380 quorum
1510 2316 1655 2366 facile
1684 2316 1975 2395 primarium

284 2381 411 2431 illud
442 2388 532 2442 est,
557 2396 654 2444 quo
693 2381 978 2430 Carneades
1011 2382 1085 2429 uti
1120 2382 1309 2430 solebat
1341 2391 1514 2431 contra
1546 2382 1755 2442 Stoicos,
1782 2382 1977 2431 nullum

287 2462 451 2510 neque
477 2462 656 2510 corpus
678 2461 840 2509 neque
862 2447 1064 2507 animal,
1087 2448 1221 2511 quod
1246 2447 1501 2509 patibilem
1522 2456 1752 2495 naturam
1776 2447 1972 2507 habeat,

285 2512 569 2562 immortale
608 2522 661 2561 et
692 2524 952 2561 aeternum
985 2528 1093 2561 esse
1128 2528 1286 2575 posse,
1316 2512 1687 2561 immortalitate
1725 2520 1895 2561 autem
1926 2520 1978 2561 et

286 2577 584 2627 aeternitate
616 2577 810 2626 sublata
843 2577 1001 2641 ipsam
1037 2577 1348 2627 divinitatem
1384 2577 1507 2627 tolli.
1586 2577 1787 2627 Deinde
1822 2577 1977 2640 poeti-

287 2657 375 2692 cos
401 2642 520 2691 deos
546 2652 597 2693 et
619 2657 743 2706 quos
770 2643 908 2707 plebs
935 2642 1275 2706 superstitiosa
1305 2643 1649 2705 venerabatur,
1676 2644 1978 2707 σωρειτικαῒς

288 2706 564 2771 ἐρωτήσεσι,
589 2709 767 2772 quibus
795 2708 1081 2757 Carneades
1109 2709 1162 2757 in
1186 2708 1279 2756 hac
1306 2708 1640 2771 disputatione
1666 2708 1741 2756 uti
1767 2707 1972 2766 solebat,

288 2772 498 2836 aliisque
531 2774 836 2834 argumentis
869 2773 1013 2822 tollit.
1085 2773 1260 2821 Tertia
1292 2783 1462 2823 autem
1488 2788 1601 2835 pars
1633 2772 1979 2834 disputationis

288 2852 405 2887 eum
426 2839 649 2901 partibus
675 2838 867 2887 duabus
892 2846 1098 2902 quartae
1121 2838 1385 2887 intercidit.
1458 2838 1593 2887 Nam
1614 2845 1793 2901 quarta
1814 2837 1979 2899 dispu-

289 2904 494 2952 tationis
521 2904 718 2954 Stoicae
745 2918 872 2965 ραι-ε,
895 2917 1022 2966 quae
1048 2904 1169 2952 deos
1192 2902 1462 2965 providisse
1488 2912 1538 2951 et
1566 2900 1869 2951 consuluisse
1892 2902 1981 2950 ho·-

289 2968 510 3017 minibus
531 2968 861 3018 contendebat
877 2977 1114 3031 quattuor
1134 2968 1443 3028 argumentis
1460 2967 1727 3025 nitebatur,
1748 2967 1877 3015 conf.
1900 2981 1981 3014 ar-

291 3044 603 3094 gumentum,
629 3034 711 3082 lib.
735 3034 807 3081 11.
831 3043 955 3081 extr.
976 3051 988 3081 :
1024 3034 1204 3081 horum
1232 3032 1448 3080 secundo
1474 3040 1525 3080 et
1546 3039 1727 3094 quarto
1749 3044 1880 3092 quae
1904 3045 1982 3078 re-

293 3098 552 3161 spondisse
573 3098 725 3147 Cotta
741 3098 962 3158 fingitur,
984 3112 1044 3145 ea
1067 3098 1173 3145 sola
1188 3104 1491 3155 manserunt,
1512 3110 1618 3155 cap.
1643 3095 1818 3154 26—40,
1838 3092 1865 3151 ἓ
1885 3096 1984 3141 66-

293 3166 378 3212 95.
451 3162 684 3213 Ostendit
725 3163 858 3211 enim
893 3163 1072 3225 primu,
1104 3160 1284 3223 quibus
1316 3160 1462 3208 rebus
1494 3158 1776 3207 hominibus
1808 3172 1984 3206 eonsu-

294 3228 446 3277 luisse
471 3228 524 3276 di
551 3228 798 3288 dicantur,
819 3240 905 3275 eas
929 3227 1210 3289 plerasque,
1235 3225 1288 3273 in
1316 3224 1489 3286 primis
1515 3222 1778 3284 rationem,
1803 3221 1870 3271 ad
1894 3222 1987 3271 ho-
