2199 3546
258 149 356 197 218
735 194 740 201 ,
779 144 882 195 DE
913 143 1415 195 Dlva'rIONE.
1468 162 1475 167 ·

257 252 385 305 tum
427 254 530 318 est,
561 246 720 323 quod
751 246 947 323 potuit
983 244 1126 318 fieri,
1156 252 1509 323 portentum
1534 244 1707 303 debet
1744 244 1941 305 videri.

257 326 316 385 N
319 326 432 385 uila
467 326 646 403 igitur
679 332 950 403 portenta
989 333 1139 384 sunt.
1225 326 1377 383 Nam
1412 326 1477 396 si,
1510 325 1665 403 quod
1700 344 1825 382 raro
1858 323 1941 399 fit,

243 407 319 465 id
352 413 686 483 portentum
721 406 1043 483 putandum
1079 405 1531 482 est,.sapientem
1565 424 1685 464 esse
1715 414 1946 483 porten-

256 494 382 545 tum
432 493 534 545 est.
619 486 860 563 Saepius
904 486 1062 545 enim
1104 485 1318 551 mulam
1371 485 1658 563 peperisse
1700 486 1945 543 arbitror

258 586 431 644 quam
473 566 790 643 sapientem
832 565 1026 625 fuisse.
1112 565 1219 623 Illa
1251 565 1429 642 igitur
1468 566 1617 623 ratio
1658 566 1946 624 concludi-

229 654 351 704 ·tur
383 666 488 705 nec
520 646 599 717 id,
626 646 782 723 quod
815 664 933 703 non
961 646 1218 723 potuerit
1250 644 1389 717 fieri,
1413 645 1635 703 factum
1670 666 1941 723 umquam

255 745 396 799 esse,
424 745 546 797 nec,
571 726 726 803 quod
761 726 1032 803 potuerit,
1055 724 1113 782 id
1144 731 1479 803 portentum
1513 743 1667 797 esse:
1712 725 1794 783 ita
1826 746 1946 783 om-

219 846 228 851 ·
254 806 396 864 nino
429 806 649 865 nullum
685 824 808 863 esse
823 811 1186 897 portentum.
1272 810 1365 865 62.
1409 790 1583 874 Quod
1611 806 1782 865 etiam
1814 825 1947 863 con-

253 886 436 944 iector
477 885 714 963 quidam
748 892 808 944 et
841 886 1123 978 interpres
1154 892 1555 963 portentorum
1588 904 1708 943 non
1739 886 1945 944 inscite

223 978 226 981 ’
253 966 615 1043 respondisse
649 965 862 1023 dicitur
891 966 963 1038 ei,
995 966 1096 1043 qui
1132 960 1460 1059 [quiddam]
1496 966 1572 1023 ad
1604 985 1737 1024 eum
1769 972 1947 1024 rettu-

253 1045 414 1105 lisset
439 1046 611 1123 quasi
643 1051 954 1112 ostentum,
980 1045 1139 1123 quod
1166 1046 1370 1123 anguis
1402 1046 1565 1103 domi
1592 1053 1815 1103 vectem
1842 1045 1947 1104 cir-

253 1126 570 1185 cumiectus
602 1125 840 1183 fuisset:
887 1124 1088 1183 “Tum
1122 1133 1269 1183 esset
1286 1125 1320 1153 ''
1351 1125 1611 1203 inquit“
1632 1132 1942 1197 ostentum,

221 1244 224 1251 -
253 1206 304 1282 si
343 1222 590 1282 anguem
645 1206 826 1263 vectis
873 1204 1469 1282 circumplicavisset?'
1552 1204 1686 1263 Hoc
1726 1205 1821 1263 ille
1860 1225 1947 1263 re-

253 1304 468 1363 sponso
509 1284 647 1343 satis
687 1292 882 1363 aperte
918 1285 1232 1344 declaravit
1270 1284 1418 1344 nihil
1449 1284 1779 1343 habendum
1822 1305 1945 1344 esse

251 1371 606 1443 portentum,
631 1365 792 1443 quod
817 1364 940 1423 fieri
967 1372 1179 1441 posset.

335 1444 566 1505 XXIX.
611 1445 676 1504 O.
712 1444 1006 1504 Gracchus
1048 1446 1123 1503 ad
1164 1444 1241 1503 Μ.
1278 1444 1674 1523 Pomponium
1716 1444 1946 1521 scripsit

255 1525 482 1583 duobus
529 1524 814 1603 anguibus
857 1525 1020 1582 domi
1062 1525 1491 1601 comprehensis
1534 1524 1863 1601 haruspices
1911 1544 1947 1582 a

252 1612 418 1683 patre
449 1612 808 1665 convocatos.
894 1604 1009 1673 Qui
1035 1604 1223 1681 magis
1255 1604 1541 1681 anguibus
1574 1624 1746 1682 quam
1774 1604 1948 1663 lacer-

253 1686 348 1757 tis,
379 1704 550 1764 quam
591 1684 887 1743 muribus·
871 1685 892 1727 2
973 1684 1123 1753 Quia
1164 1691 1299 1743 sunt
1330 1685 1471 1743 haec
1512 1684 1817 1757 cotidiana,
1848 1704 1946 1742 an·

254 1786 396 1843 gues
432 1785 550 1824 non
582 1765 740 1824 item.
825 1763 1004 1834 Quasi
1036 1784 1171 1823 vero
1212 1765 1440 1838 referat,
1472 1764 1629 1858 quod
1662 1764 1783 1822 fieri
1818 1772 1945 1843 pot—

253 1853 359 1918 est,
383 1857 554 1923 quam
587 1846 651 1904 id
683 1864 850 1922 saepe
883 1845 1000 1904 fiat.
1081 1845 1211 1922 Ego
1244 1851 1439 1903 tamen
1472 1844 1665 1922 miror,
1696 1845 1746 1902 si
1778 1845 1945 1902 emis·

255 1926 342 1984 sio
383 1926 642 1990 feminae
675 1926 912 2004 anguis
920 1931 1168 1989 mortem
1202 1925 1509 1984 adferebat
1544 1925 1631 1983 Ti.
1651 1913 1940 1995 GracchO,

255 2007 486 2064 emissio
513 2013 705 2064 autem
729 2006 902 2064 maris
929 2006 1137 2082 anguis
1162 2011 1285 2064 erat
1304 2005 1605 2064 mortifera
1624 2004 1941 2075 Corneliae,

255 2106 356 2145 cur
391 2087 628 2146 alteram
661 2093 850 2144 utram
891 2084 1162 2155 emiserit.
1244 2085 1409 2142 Nihil
1443 2086 1596 2143 enim
1632 2084 1831 2142 scribit
1861 2103 1945 2143 re-

255 2167 555 2244 spondisse
587 2166 930 2243 haruspices,
955 2166 1004 2222 si
1031 2172 1235 2224 neuter
1266 2165 1471 2242 anguis
1502 2164 1743 2222 emissus
1776 2171 1940 2236 esset,

256 2247 397 2324 quid
438 2247 586 2306 esset
625 2246 904 2304 futurum.
987 2245 1074 2303 At
1114 2264 1271 2303 mors
1309 2245 1569 2303 insecuta
1620 2240 1942 2302 Gracchum

255 2333 357 2384 est.
441 2325 629 2384 Causa
676 2325 926 2402 quidem,
957 2325 1167 2398 credo,
1178 2324 1369 2402 aliqua
1414 2323 1605 2382 morbi
1646 2324 1939 2416 gravioriS,

255 2425 374 2465 non
406 2405 711 2464 emissione
745 2404 1057 2482 serpentis.
1099 2423 1287 2483 neque
1314 2404 1469 2462 enim
1497 2400 1661 2482 tanta
1686 2409 1775 2460 est
1798 2399 1945 2460 infe-

256 2485 440 2546 licitas
471 2485 856 2562 haruspicum,
887 2491 953 2542 ut
984 2504 1058 2543 ne
1090 2503 1226 2542 casu
1268 2484 1500 2563 quidem
1534 2502 1810 2560 umquam
1841 2481 1944 2540 fiat

211 2561 216 2566 ’
257 2566 417 2642 quod
443 2565 706 2624 futurum
737 2564 823 2623 illi
853 2584 976 2624 esse
1009 2565 1276 2636 dixerint.
1366 2563 1565 2622 XXX.
1652 2567 1745 2621 63.
1789 2561 1938 2620 Nam

207 2669 212 2674 ·
255 2645 399 2704 illud
426 2646 677 2717 mirarer,
697 2645 747 2704 si
775 2646 1080 2718 crederem,
1102 2644 1261 2722 quod
1288 2633 1444 2722 apud
1464 2634 1786 2702 Homerum
1816 2641 1945 2699 Cal-

255 2725 521 2784 chantem
564 2725 763 2782 dixisti
803 2744 874 2783 ex
914 2743 1207 2818 passerum
1249 2743 1490 2783 numero
1529 2719 1669 2782 belli
1708 2720 1943 2780 Troiani

255 2823 438 2863 annos
465 2811 840 2882 auguratum:
884 2805 958 2862 de
985 2805 1147 2863 cuius
1175 2804 1505 2862 coniectura
1530 2801 1615 2862 sic
1622 2802 1794 2882 apud
1821 2800 1945 2859 Ho-

256 2903 496 2957 merum,
521 2892 589 2943 ut
607 2903 714 2942 nos
739 2883 916 2944 otiosi
935 2883 1339 2957 convertimus,
1359 2883 1616 2962 loquitur
1635 2882 1943 2960 Agamem-

255 2983 408 3024 ιιοιι·
606 2987 610 2995 ·

451 3075 617 3138 Ferte,
632 3077 744 3138 viri,
759 3084 812 3126 et
833 3076 983 3126 duros
1002 3076 1173 3126 animo
1194 3076 1403 3126 toterate
1422 3075 1633 3136 labem,

451 3143 674 3204 Auguris
695 3152 752 3191 ut
773 3137 930 3191 nostri
953 3139 1240 3192 Calchantis
1262 3141 1369 3190 fata
1392 3154 1633 3204 queamus

381 3213 384 3218 '
451 3207 606 3268 Scire,
626 3215 826 3258 ratosne
849 3206 1065 3258 habeant.
1082 3221 1148 3255 an
1172 3221 1325 3256 vanos
1347 3206 1561 3270 pectoris
1580 3219 1743 3256 orsus.
