2199 3546
227 154 295 215 0‘2·
679 160 779 212 DE
809 161 1111 213 NATURA
1144 162 1467 214 DEORUM.
1512 190 1534 209 .-

227 263 484 325 confixae
503 264 798 324 venenatis
819 264 1057 341 sagittis,
1073 263 1307 323 herbam
1333 283 1615 342 quaerere,
1632 283 1779 343 quae
1799 266 1915 327 dic·-

227 351 459 402 tamnus
475 350 788 415 vocaretur,
804 363 976 421 quam
999 363 1131 401 cum
1148 346 1547 421 gustavissent,
1564 346 1917 421 sagittasex-

227 423 416 483 cidere
444 423 646 482 dicunt
665 443 698 482 e
725 441 979 501 corpore.
1061 425 1193 481 127.
1225 423 1549 501 Cervaeque
1578 425 1751 501 paulo
1778 430 1913 485 ante

225 510 458 581 partum
489 509 842 581 perpurgant
873 522 934 561 se
975 504 1225 581 quadam
1255 502 1507 575 herbula,
1534 522 1679 581 quae
1719 506 1913 565 seselis

225 583 454 643 dicitur.
537 582 662 640 Iam
690 581 790 641 illa
815 582 1117 654 cernimuS,
1140 589 1209 641 ut
1234 590 1436 642 contra
1462 584 1579 641 vim
1601 589 1661 642 et
1687 591 1911 643 metum

225 662 344 721 suis
369 681 430 721 se
457 662 630 721 armis
653 680 910 740 quaeque
931 662 1223 721 defendat.
1291 662 1579 722 Cornibus
1597 666 1765 736 tauri,
1785 666 1911 743 apri

223 741 510 815 dentibus,
529 761 726 800 morsu
752 742 963 814 leones,
981 742 1124 800 aliae
1144 742 1289 819 fuga
1312 762 1390 814 se,
1410 742 1553 801 aliae
1580 744 1909 804 occultatio-

222 840 297 880 ne
322 827 600 894 tutantur‚
625 822 930 881 atramenti
956 822 1238 880 effusione
1271 822 1511 899 saepiae,
1536 830 1767 901 torpore
1794 832 1913 883 tor-

221 901 477 979 pedines,
500 900 716 959 multae
750 901 924 959 etiam
957 902 1302 960 insectantes
1334 902 1529 960 odoris
1559 903 1909 967 intolerabili

220 980 503 1040 foeditate
544 980 856 1059 depellunt.
938 980 1034 1039 LI.
1069 980 1161 1040 Ut
1192 1000 1327 1039 vero
1358 988 1671 1059 perpetuus
1701 984 1909 1046 mundi

220 1066 370 1121 esset
397 1066 647 1131 ornatus,
669 1078 881 1137 magna
911 1060 1175 1120 adhibita
1204 1080 1341 1119 cura
1370 1069 1459 1120 est
1484 1080 1520 1120 a
1546 1063 1909 1139 providentia

221 1139 478 1212 deorum,
501 1145 568 1198 ut
595 1158 822 1217 semper
851 1148 1041 1200 essent
1072 1147 1134 1199 et
1158 1140 1469 1199 bestiarum
1496 1160 1708 1218 genera
1738 1149 1798 1201 et
1824 1163 1909 1203 ar-

218 1217 425 1279 borum
455 1219 830 1297 omniumque
855 1238 1064 1293 rerum,
1082 1240 1229 1298 quae
1250 1240 1285 1278 a
1302 1228 1455 1279 terra
1479 1221 1755 1299 stirpibus
1774 1242 1909 1281 con-

217 1299 549 1358 tinerentur.
614 1297 774 1368 Quae
796 1299 1030 1377 quidem
1052 1301 1249 1358 omnia
1268 1320 1395 1359 eam
1416 1301 1533 1359 vim
1556 1302 1791 1359 seminis
1812 1302 1907 1361 ha-

217 1377 358 1438 bent
383 1379 446 1437 in
479 1396 556 1451 se,
576 1385 642 1437 ut
670 1398 741 1437 ex
774 1399 890 1438 uno
923 1380 1090 1457 plura
1115 1386 1475 1457 generentur,
1499 1380 1677 1459 idque
1710 1402 1905 1441 semen

215 1458 500 1518 inclusum
529 1460 694 1517 estin
719 1460 928 1517 intima
952 1466 1114 1537 parte
1142 1478 1337 1518 earum
1360 1460 1643 1532 bacarum,
1662 1481 1807 1539 quae
1834 1481 1904 1521 ex

217 1557 443 1618 quaque
471 1539 648 1617 stirpe
675 1539 1015 1611 funduntur,
1033 1538 1356 1617 iisdemque
1383 1541 1698 1600 seminibus
1725 1548 1785 1600 et
1804 1541 1906 1599 ho-

217 1618 400 1677 mines
439 1619 684 1677 adfatim
719 1626 1026 1677 vescuntur
1065 1627 1126 1677 et
1157 1627 1339 1678 terrae
1380 1620 1635 1679 eiusdem
1677 1622 1905 1699 generis

217 1698 480 1777 stirpium
509 1698 880 1757 renovatione
907 1699 1283 1778 complentur.
1357 1706 1487 1759 128.
1519 1698 1676 1769 Quid
1705 1701 1906 1780 loquar

215 1787 431 1856 quanta
456 1779 603 1837 ratio
632 1780 692 1837 in
721 1779 920 1838 bestiis
947 1780 1018 1838 ad
1043 1787 1378 1858 perpetuam
1409 1782 1902 1842 conservationem

214 1877 408 1917 earum
434 1860 660 1936 generis
688 1861 996 1937 appareat?
1064 1859 1122 1918 N
1124 1879 1215 1918 am
1245 1861 1497 1938 primum
1527 1861 1669 1920 aliae
1697 1880 1899 1935 mares,

214 1938 358 1997 aliae
377 1939 628 1998 feminae
655 1946 806 2012 sunt,
827 1939 985 2017 quod
1005 1941 1407 2017 perpetuitatis
1426 1959 1596 2000 causa
1615 1942 1903 2000 machina-

213 2025 276 2077 ta
299 2025 504 2078 natura
536 2027 636 2078 est.
721 2019 951 2078 Deinde
978 2027 1170 2096 partes
1202 2021 1458 2098 corporis
1490 2029 1551 2080 et
1576 2021 1653 2080 ad
1678 2041 1903 2100 procre-

213 2099 426 2158 andum
456 2105 516 2157 et
542 2099 617 2156 ad
644 2099 1088 2176 concipiendum
1116 2101 1447 2178 aptissimae
1480 2107 1541 2160 et
1565 2101 1627 2158 in
1656 2121 1812 2160 mare
1840 2110 1902 2162 et

212 2178 274 2237 in
307 2178 528 2237 femina
567 2179 1124 2238 commiscendorum
1160 2175 1469 2258 corporum
1500 2181 1677 2240 mirae
1710 2180 1901 2240 libidi-

211 2277 329 2316 nes.
413 2257 562 2316 Cum
605 2265 798 2316 autem
830 2260 892 2318 in
925 2259 1070 2318 locis
1111 2279 1305 2318 semen
1338 2261 1567 2332 insedit,
1590 2262 1743 2339 rapit
1778 2281 1901 2320 om-

212 2355 344 2396 nem
366 2337 487 2395 fere
508 2336 700 2395 cibum
730 2337 806 2396 ad
825 2357 945 2397 sese
973 2359 1157 2417 eoque
1178 2347 1439 2416 saeptum
1462 2339 1632 2418 fingit
1651 2341 1897 2400 animal:

211 2416 370 2495 quod
397 2435 526 2474 cum
563 2436 632 2474 ex
659 2423 824 2476 utero
857 2417 1111 2495 elapsum
1148 2420 1379 2489 excidit,
1402 2420 1464 2477 in
1491 2420 1564 2477 iis
1596 2421 1899 2480 animanti·

208 2496 335 2568 bus,
357 2515 501 2574 quae
520 2496 668 2556 lacte
694 2497 938 2577 aluntur,
960 2499 1151 2556 omnis
1172 2499 1293 2557 fere
1320 2498 1483 2558 cibus
1510 2507 1763 2560 matrum
1788 2500 1897 2560 lac·

208 2582 424 2635 tescere
445 2576 666 2654 incipit,
687 2595 881 2654 eaque,
903 2597 1048 2655 quae
1075 2579 1249 2656 paulo
1277 2586 1411 2638 ante
1438 2586 1576 2638 nata
1602 2587 1752 2651 sunt,
1773 2580 1897 2646 sine

207 2655 502 2734 magistre,
527 2656 671 2714 duce
708 2663 926 2728 natura,
950 2675 1233 2716 mammas
1271 2665 1555 2736 appetunt
1586 2678 1778 2718 earum
1824 2679 1897 2720 ue

208 2735 469 2794 ubertate
497 2743 836 2796 saturantur.
904 2737 1103 2815 Atque
1122 2745 1190 2796 ut
1210 2739 1608 2816 intellegamus
1630 2680 1897 2798 nihilio-

206 2834 334 2874 rum
369 2834 492 2875 esse
523 2815 831 2875 fortuitum
865 2823 924 2875 et
951 2817 1091 2876 haec
1118 2819 1317 2875 omnia
1347 2837 1469 2877 esse
1502 2838 1678 2897 opera
1708 2820 1897 2897 provi⁴

208 2894 316 2954 dae
353 2895 712 2974 sollertisque
744 2903 995 2968 naturae,
1021 2916 1166 2976 quae
1196 2897 1547 2976 multiplices
1579 2899 1735 2958 fetus
1766 2918 1897 2978 pro-

207 2981 418 3046 creant,
451 2983 519 3035 ut
563 2995 707 3048 sues,
743 2982 810 3034 ut
852 2994 1036 3049 canes,
1071 2977 1164 3034 his
1206 2995 1587 3038 mammarum
1632 2980 1768 3038 data
1807 2986 1896 3038 est

205 3054 537 3127 multitudo,
562 3075 703 3134 quas
743 3056 973 3114 easdem
1012 3076 1223 3134 paucas
1262 3057 1479 3116 habent
1520 3078 1617 3116 eae
1658 3058 1891 3132 bestiae,

207 3153 352 3212 quae
371 3153 556 3212 pauca
574 3135 838 3212 gignunt.
911 3142 1042 3194 129.
1068 3135 1223 3206 Quid
1244 3138 1432 3195 dicam
1458 3145 1705 3216 quantus
1732 3157 1897 3197 amor

205 3211 520 3274 bestiarum
553 3216 629 3273 sit
657 3215 718 3272 in
751 3215 1062 3274 educandis
1095 3217 1601 3296 custodiendisque
1634 3219 1722 3289 iis,
1748 3237 1893 3296 quae
