2199 3546
530 139 672 191 LIB.
700 136 796 201 11.,
823 138 981 190 CAP.
1010 139 1335 202 lau-LV„
1362 130 1671 200 §uel-137.
1884 141 1951 191 95

264 261 380 301 ore.
464 240 524 299 Is
554 248 798 319 utraque
839 261 910 299 ex
941 248 1105 318 parte
1136 240 1396 299 tonsillas
1434 240 1727 318 attingens
1756 239 1953 318 palato

265 330 522 381 extremo
563 328 738 399 atque
769 321 979 381 intimo
1019 320 1376 379 terminatur.
1457 320 1657 402 Atque
1688 321 1739 379 is
1778 322 1955 399 agita·

264 403 424 462 tione
459 408 518 460 et
543 400 800 460 motibus
827 400 1056 477 linguae
1089 420 1223 459 cum
1250 399 1553 477 depulsum
1582 408 1643 459 et
1669 402 1833 478 quasi
1858 401 1955 459 de-

264 488 488 541 trusum
518 481 712 539 cibum
727 482 977 558 accepit,
1003 480 1256 557 depellit.
1326 479 1516 557 Ipsius
1542 488 1735 541 autem
1762 487 1955 558 partes

265 581 382 633 eae,
409 560 552 639 quae
593 568 732 619 sunt
767 562 922 619 infra
963 580 1135 637 quam
1176 560 1256 632 id,
1280 560 1438 637 quod
1471 560 1793 631 devoratur,
1817 560 1957 618 dila-

264 648 478 713 tantur,
511 660 656 719 quae
695 649 890 699 autem
932 659 1119 717 supra,
1150 640 1583 700 contrahuntur.
1670 645 1803 697 136.
1838 639 1955 697 Sed

266 741 400 781 cum
421 740 622 798 aspera
647 722 1013 779 arteria—»sic
1042 720 1197 779 enim
1225 740 1261 777 a
1286 720 1527 779 medicis
1548 718 1957 797 appellatur-

267 802 485 859 ostium
509 800 718 859 habeat
745 800 1080 858 adiunctum
1103 800 1333 877 linguae
1360 800 1647 859 radicibus
1667 798 1840 877 paulo
1868 816 1960 857 sn-

266 900 386 958 pra,
412 900 586 958 quam
625 880 702 939 ad
741 880 997 958 linguam
1039 879 1371 939 stomachus
1412 880 1753 951 adnectitur,
1778 897 1957 956 eaque

267 962 342 1019 ad
382 961 686 1039 pulmones
725 979 907 1037 usque
947 960 1234 1037 pertineat
1274 960 1635 1036 excipiatque
1682 960 1955 1034 animam,

268 1060 396 1099 eam
432 1060 576 1119 quae
609 1042 783 1099 ducta
813 1047 903 1098 est
935 1040 1161 1118 spiritu,
1192 1044 1551 1121 eandemque
1593 1064 1633 1101 a
1680 1044 1964 1121 pulmoni-

268 1120 378 1179 bus
404 1120 644 1198 respiret
676 1128 736 1181 et
762 1120 980 1192 reddat,
1004 1127 1062 1179 te
1107 1120 1222 1178 ‘tur
1254 1120 1504 1198 quodam
1534 1122 1699 1198 quasi
1725 1140 1961 1199 opercu-

269 1200 344 1271 10,
367 1200 525 1279 quod
545 1200 620 1258 ob
643 1220 770 1259 eam
791 1218 1017 1258 causam
1123 1208 1249 1261 tum
1272 1207 1375 1271 est,
1396 1219 1485 1272 ne,
1506 1202 1555 1259 si
1578 1201 1717 1279 quid
1739 1202 1799 1258 in
1828 1202 1981 1259 eam‘

269 1280 388 1339 cibi
415 1281 567 1339 forte
600 1280 913 1352 incidisset,
938 1280 1175 1357 spiritus
1206 1280 1595 1357 impediretur.
1680 1280 1797 1339 Sed
1824 1300 1957 1338 cnm

271 1360 384 1419 alvi
411 1367 618 1419 natura
643 1360 900 1419 subiecta
931 1360 1233 1419 stomacho
1260 1360 1376 1419 cibi
1404 1368 1465 1419 et
1490 1362 1747 1438 potionis
1774 1361 1851 1419 sit
1876 1380 1959 1419 re-

271 1441 648 1519 ceptaculum,
672 1440 976 1519 pulmones
1007 1448 1204 1499 autem
1230 1446 1292 1498 et
1324 1459 1423 1499 cor
1454 1441 1807 1499 extrinsecus
1848 1441 1957 1517 spi-

271 1520 450 1579 ritum
483 1520 714 1593 ducant,
737 1520 799 1577 in
831 1519 960 1577 alvo
991 1520 1178 1579 multa
1210 1526 1344 1578 sunt
1370 1520 1710 1579 mirabiliter
1734 1521 1955 1591 effecta,

274 1620 420 1678 quae
452 1608 680 1659 const-at
705 1600 826 1657 fere
855 1619 887 1673 e
918 1600 1124 1657 nervis.
1208 1598 1315 1659 Est
1342 1609 1537 1659 autem
1568 1600 1871 1678 multiplex
1900 1607 1961 1657 et

271 1686 534 1741 tortuosa
573 1687 841 1758 arcetque
881 1686 942 1739 et
977 1679 1254 1752 continet,
1278 1679 1398 1741 sive
1428 1680 1575 1739 illud
1598 1680 1831 1746 ,aridum
1874 1686 1961 1738 est

273 1761 393 1821 sive
425 1758 690 1820 umidum
725 1760 882 1839 quod
909 1762 1133 1839 recipit,
1155 1769 1223 1820 ut
1249 1761 1313 1824 id
1340 1761 1553 1821 mutari
1585 1768 1645 1820 et
1677 1760 1961 1838 concoqui

271 1841 474 1920 possit,
511 1860 690 1919 eaque
729 1849 858 1900 tum
898 1842 1253 1920 astringitur,
1286 1848 1415 1900 tum
1454 1841 1753 1911 relaxatur,
1790 1851 1961 1917 atque

275 1941 446 1979 omne
475 1922 634 1998 quod
660 1921 870 1998 accipit
897 1923 1055 1998 cogit
1082 1929 1143 1979 et
1168 1921 1495 1992 confundit,
1514 1926 1581 1980 ut
1600 1919 1769 1978 facile
1796 1929 1855 1976 et
1876 1939 1963 1976 ca-

273 2000 411 2074 lore,
444 2019 614 2079 quem
655 2001 906 2073 multum
947 2001 1139 2074 habet,
1171 2007 1229 2059 et
1261 2001 1502 2060 terendo
1542 1999 1673 2058 cibo
1714 2004 1774 2058 et
1804 2018 1964 2077 praes

273 2089 432 2151 terea
459 2081 664 2158 spiritu
692 2081 889 2139 omnia
913 2089 1078 2140 cocta
1104 2088 1278 2158 atque
1306 2081 1571 2139 confecta
1590 2080 1651 2138 in
1678 2079 1963 2157 reliquum

276 2180 486 2238 eorpus
514 2160 858 2220 dividantur.
934 2161 1056 2220 LV.
1094 2161 1163 2220 In
1190 2159 1566 2240 pulmonibus
1594 2166 1785 2218 autem
1813 2161 1965 2218 inest

275 2241 482 2300 raritas.
512 2241 794 2318 quaedam
826 2247 886 2299 et
918 2241 1199 2299 adsimilis
1240 2241 1499 2320 spongiis
1538 2241 1846 2300 mollitudo
1887 2240 1965 2299 ad

277 2320 657 2379 hauriendum
692 2320 959 2399 spiritum
1000 2322 1317 2399 aptissima,
1341 2322 1439 2399 qui
1474 2328 1601 2380 tum
1644 2341 1717 2379 se·
1744 2328 1965 2380 contra-

278 2401 428 2459 hunt
447 2401 778 2478 aspiranteS,
797 2407 924 2459 tum
945 2401 1007 2458 in
1033 2403 1314 2479 respiratu
1336 2402 1595 2473 dilatant,
1611 2409 1683 2460 ut
1702 2397 1969 2480 frequen-

277 2477 368 2539 ter
396 2481 639 2539 ducatur
665 2479 827 2540 cibus
854 2481 1133 2552 animaliS‚
1157 2501 1273 2559 quo
1306 2482 1555 2540 maxime
1588 2481 1817 2540 aluntur
1848 2481 1967 2538 ani-

278 2568 519 2619 mantes.
599 2561 732 2619 137.
766 2559 856 2619 Ex
883 2561 1173 2620 intestinis
1199 2569 1391 2620 autem
1421 2556 1507 2635 [et
1534 2559 1689 2639 alvo]
1720 2567 1967 2618 secretus

188 2662 197 2669 ·
281 2661 316 2698 a
335 2639 555 2718 reliquo
577 2640 708 2699 cibo
730 2661 898 2700 sucus
918 2641 985 2713 is,
1001 2661 1118 2718 quo
1146 2642 1368 2713 alimur,
1382 2649 1681 2719 permanat
1701 2641 1963 2712 adicem,

280 2740 386 2800 per
413 2721 688 2798 quasdam
716 2740 751 2778 a
776 2721 970 2778 medio
991 2721 1267 2780 intestino
1296 2739 1477 2798 usque
1505 2721 1578 2782 ad
1600 2728 1795 2798 portas
1821 2721 1968 2778 ieco-

280 2801 523 2859 ris—sic
545 2801 699 2859 enim
721 2800 1296 2879 appellant—ductas
1324 2808 1381 2860 et
1401 2801 1647 2862 directas
1668 2801 1801 2871 vias,
1824 2819 1967 2877 quae

281 2881 577 2958 pertinent
595 2882 669 2938 ad
690 2883 846 2939 iecur
866 2882 1032 2960 eique
1054 2882 1381 2940 adhaerent.
1451 2881 1649 2958 Atque
1669 2879 1805 2938 inde
1826 2880 1969 2937 aliae

283 3004 297 3019 .
323 3004 337 3018 .
363 3005 376 3019 .
402 2961 754 3038 pertinentes
782 2968 933 3033 sunt,
955 2981 1058 3039 per
1087 2981 1229 3039 quas
1254 2961 1411 3020 cadit
1432 2961 1593 3018 cibus
1620 2979 1655 3016 a
1674 2960 1861 3018 iecore
1887 2959 1971 3015 di-

284 3040 492 3116 lapsus,
561 3040 661 3098 Ab
690 3059 758 3098 eo
786 3038 917 3098 cibo
946 3061 1078 3100 cum
1106 3049 1195 3100 est
1214 3048 1431 3100 secreta
1455 3039 1589 3098 bilis
1616 3040 1782 3116 eique
1810 3057 1969 3096 umo-

283 3138 391 3192 reS,
412 3120 512 3198 qui
541 3138 572 3178 e
599 3120 830 3178 renibus
857 3122 1304 3198 profunduntur,
1324 3121 1543 3198 reliqua
1566 3139 1629 3178 se
1654 3120 1717 3178 in
1744 3117 1989 3196 sangtu-·

283 3218 422 3258 nem
447 3207 684 3260 vertunt
706 3201 780 3258 ad
813 3201 1157 3278 easdemque
1188 3208 1387 3278 portas
1415 3200 1620 3261 iecoris
1649 3199 1974 3262 confluunt.

2088 3395 2183 3492 A
