2199 3546
543 147 807 210 L1n.11.,
830 149 986 226 οᾼΡ.
1017 151 1369 212 Lv.-1.vn.,
1392 149 1422 210 ς
1452 153 1691 204 137-143.
1894 159 1960 206 97

261 247 613 324 interpretes
653 268 717 306 ac
761 251 952 308 nuntii
994 271 1185 308 rerum
1232 252 1294 308 in
1339 252 1525 328 capite
1556 259 1847 330 tamquam
1899 255 1961 312 in

273 347 399 386 arce
433 327 673 386 mirifice
707 330 782 386 ad
809 350 943 387 usus
977 332 1323 389 necessarios
1356 339 1414 388 et
1441 332 1583 388 facti
1612 339 1670 390 et
1698 332 1960 390 collocati

275 415 422 466 sunt.
509 407 662 464 Nam
693 409 844 466 oculi
871 417 1167 486 tamquam
1204 410 1585 487 speculatores
1618 411 1959 469 altissimum
2002 404 2013 416 ’

271 487 464 545 locum
487 486 768 560 obtinent,
789 507 859 546 ex
881 509 996 564 quo
1019 490 1267 565 plurima
1286 491 1703 566 conspicientes
1718 491 1963 567 fungan-

272 575 367 626 tur
393 587 497 625 suo
525 587 778 626 munere.
856 573 986 625 141.
1018 569 1096 625 Et
1116 588 1295 642 aures,
1316 588 1448 627 cum
1477 589 1677 626 sonum
1712 571 1963 648 percipe-

271 668 332 706 re
360 648 623 721 debeant,
646 651 738 726 qui
770 655 970 705 natura
991 648 1052 705 in
1082 648 1326 706 sublime
1346 650 1546 718 fertur,
1566 657 1718 707 recte
1739 651 1799 707 in
1829 651 1961 708 altis

271 749 576 806 corporum
611 730 872 806 partibus
913 728 1224 786 collocatae
1266 735 1415 785 sunt.
1502 728 1763 805 Itemque
1797 749 1961 788 nares

271 829 360 878 e0,
387 809 542 886 quod
577 810 766 866 omnis
799 809 945 866 odor
977 808 1052 866 ad
1086 827 1293 884 supera
1324 808 1524 878 fertur,
1548 815 1701 866 recte
1734 827 1959 866 sursum

271 899 408 945 sunt
441 899 514 959 et,
542 889 698 965 quod
729 889 846 946 cibi
874 895 934 946 et
959 888 1217 965 potionis
1250 887 1530 945 iudicium
1562 907 1837 963 magnum
1873 908 1961 946 ea-

268 987 397 1024 rum
430 977 534 1038 est,
553 987 668 1024 non
691 969 812 1025 sine
835 987 1003 1026 causa
1023 967 1381 1026 vicinitatem
1410 967 1525 1024 oris
1554 973 1778 1024 secutae
1807 975 1955 1026 sunt.

271 1046 398 1123 Iam
421 1053 697 1124 gustatus,
721 1049 818 1125 qui
841 1049 1050 1106 sentire
1079 1067 1295 1120 eorum,
1318 1046 1527 1124 quibus
1550 1047 1845 1118 vescimur,
1864 1067 1961 1124 ge-

270 1120 409 1184 nera
437 1127 623 1197 debet,
651 1127 870 1186 habitat
895 1129 956 1184 in
986 1147 1053 1185 ea
1079 1135 1241 1204 parte
1270 1129 1401 1197 oris,
1428 1146 1543 1204 qua
1569 1125 1871 1184 esculentis
1900 1134 1959 1186 et

271 1205 588 1282 potulentis
615 1207 725 1264 iter
756 1218 960 1266 natura
986 1208 1276 1284 patefecit.
1360 1207 1573 1264 Tactus
1606 1214 1801 1265 autem
1828 1214 1957 1265 toto

272 1305 512 1362 corpore
537 1287 910 1362 aequabiliter
929 1288 1092 1344 fusus
1121 1295 1223 1358 est,
1242 1294 1311 1346 ut
1337 1306 1537 1344 omnes
1559 1287 1707 1344 ictus
1736 1306 1957 1344 omnes-

271 1385 385 1442 que
419 1366 689 1434 minimos
731 1373 790 1424 et
821 1367 1056 1444 frigoris
1097 1374 1155 1424 et
1188 1367 1391 1424 caloris
1432 1367 1705 1444 appulsus
1748 1367 1957 1425 sentire

271 1444 572 1521 possimus
659 1446 854 1523 Atque
883 1453 949 1504 ut
975 1447 1036 1504 in
1064 1447 1337 1505 aedificiis
1366 1447 1663 1506 architecti
1691 1453 1959 1504 avertunt

269 1524 344 1580 ab
372 1524 553 1581 oculis
581 1526 923 1603 naribusque
945 1526 1314 1586 dominorum
1343 1547 1425 1598 ea,
1446 1546 1591 1604 quae
1611 1525 1959 1604 profluentia

269 1604 586 1661 necessario
628 1606 798 1663 taetri
839 1614 1026 1664 essent
1067 1606 1286 1683 aliquid
1326 1607 1605 1676 habitura,
1632 1607 1712 1663 sic
1754 1614 1959 1664 natura

269 1702 360 1740 res
382 1684 595 1742 similes
615 1685 814 1761 procul
835 1685 1165 1744 amandavit
1185 1706 1219 1743 a
1240 1686 1512 1744 sensibus.
1586 1685 1771 1744 LVII.
1821 1691 1953 1744 142.

270 1762 414 1832 Quis
448 1783 580 1821 vero
624 1765 820 1841 opifex
863 1773 1086 1842 praeter
1127 1773 1407 1839 naturam,
1431 1786 1545 1844 qua
1584 1765 1729 1824 nihil
1762 1773 1958 1844 potest

269 1862 393 1901 esse
421 1844 695 1916 callidiuS,
715 1852 935 1903 tantam
965 1846 1273 1904 sollertiam
1302 1847 1567 1923 persequi
1588 1846 1872 1923 potuisset
1893 1848 1955 1904 in

267 1923 566 1981 sensibus?
609 1944 752 2001 quae
785 1925 1036 2001 primum
1079 1926 1277 1983 oculos
1314 1925 1663 1983 membranis
1696 1927 1958 1993 tenuissi-

269 2003 382 2073 mis
417 2004 645 2061 vestivit
677 2011 735 2062 et
771 2006 1014 2081 saepsit:
1060 2024 1201 2082 quas
1234 2006 1487 2082 primum
1524 2005 1843 2081 perlucidas
1877 2008 1959 2063 fe-

267 2083 366 2153 cit,
393 2091 458 2140 ut
487 2102 588 2160 per
615 2104 708 2141 eas
735 2086 892 2141 cerni
918 2092 1129 2161 posset,
1154 2084 1346 2142 firmas
1375 2092 1585 2155 autem,
1609 2092 1676 2142 ut
1705 2086 1957 2144 contine-

267 2171 480 2222 rentur.
566 2163 678 2221 Sed
713 2164 960 2222 lubricos
1002 2164 1199 2221 oculos
1231 2161 1374 2223 fecit
1407 2172 1467 2223 et
1508 2164 1766 2236 mobileS,
1791 2173 1857 2223 ut
1898 2173 1958 2223 et

267 2242 636 2308 declinarent,
661 2244 708 2301 si
739 2244 878 2321 quid
905 2252 1152 2314 noceret,
1179 2252 1237 2301 et
1270 2252 1567 2321 aspectum
1602 2264 1720 2322 quo
1748 2246 1956 2303 vellent

267 2322 438 2379 facile
464 2330 873 2393 converterent,
892 2325 1156 2401 aciesque
1184 2324 1324 2401 ipsa,
1346 2344 1460 2401 qua
1488 2326 1788 2397 cernimuS,
1811 2346 1955 2403 quae

267 2400 486 2477 pupula
514 2409 762 2473 vocatur,
782 2403 864 2459 ita
893 2422 1066 2479 parva
1094 2412 1197 2475 est,
1220 2410 1284 2461 ut
1314 2424 1395 2474 ea,
1423 2424 1567 2482 quae
1596 2424 1799 2463 nocere
1827 2425 1957 2483 pos-

227 2486 234 2489 “
267 2482 401 2550 sint,
433 2481 602 2539 facile
645 2482 800 2553 vitet,
831 2482 1267 2561 palpebraeque,
1299 2504 1444 2561 quae
1487 2491 1621 2542 sunt
1662 2493 1957 2561 tegmenta

267 2559 584 2631 oculorum,
609 2561 975 2619 mollissimae
1008 2569 1185 2633 tactu,
1210 2583 1281 2621 ne
1316 2563 1605 2621 laederent
1639 2564 1836 2634 aciem,
1860 2583 1958 2642 ap-

265 2638 490 2696 tissime
517 2640 702 2698 factae
735 2649 794 2698 et
827 2642 903 2698 ad
929 2641 1275 2699 claudendas
1308 2642 1573 2719 pupillas,
1599 2662 1671 2699 ne
1706 2643 1846 2720 quid
1873 2644 1958 2701 in-

266 2718 499 2789 cideret,
524 2728 583 2777 et-
622 2720 696 2777 ad
736 2721 1087 2796 aperiendaS,
1113 2722 1287 2798 idque
1331 2722 1603 2798 providit,
1646 2730 1712 2781 ut
1751 2724 1957 2781 identi-

266 2797 402 2855 dem
435 2797 558 2855 fieri
592 2808 786 2875 posset
819 2819 952 2856 cum
987 2801 1239 2857 maxima
1271 2801 1576 2859 celeritate.
1666 2807 1797 2860 143.
1834 2803 1958 2861 Mu-

266 2876 533 2953 nitaeque
561 2885 696 2935 sunt
721 2877 1025 2954 palpebrae
1052 2886 1351 2957 tamquam
1373 2881 1522 2938 vallo
1551 2879 1817 2956 pilorum,
1838 2883 1958 2959 qui-

265 2955 374 3012 bus
402 2964 460 3013 et
480 2958 693 3035 apertis
722 2958 918 3028 oculis,
941 2958 988 3014 si
1019 2959 1160 3035 quid
1180 2960 1476 3029 incideret,
1496 2957 1877 3033 repelleretur,
1898 2968 1957 3025 et

265 3053 471 3091 somno
510 3036 927 3107 coniventibUS,
958 3056 1088 3093 cum
1126 3038 1306 3095 oculis
1344 3038 1420 3094 ad
1452 3036 1801 3093 cernendum
1838 3056 1957 3093 non

265 3131 578 3187 egeremuS‚
602 3120 667 3171 ut
695 3114 795 3190 qui
817 3121 1115 3191 tamquam
1144 3116 1391 3171 involuti
1413 3114 1784 3189 quiescerent.
1856 3115 1957 3171 La-

265 3198 394 3249 tent
411 3198 702 3268 praeterea
723 3191 943 3251 utiliter
964 3200 1023 3251 et
1041 3193 1276 3251 excelsis
1294 3192 1549 3266 undique
1568 3191 1825 3264 partibus
1844 3212 1956 3247 sae-
