2199 3546
235 162 328 209 146
753 160 852 208 DE
885 159 1389 209 DIVINATIONE.

230 260 466 309 citatione
499 260 714 323 quadam
750 259 905 307 animi
938 267 1024 307 aut
1055 257 1227 307 animo
1258 274 1291 307 a
1322 257 1453 306 curis
1479 273 1637 307 vacuo
1661 256 1916 322 liberoque

230 326 582 389 praesentiant.
659 326 770 373 Huc
804 325 956 384 igitur
983 323 1263 373 referendas
1296 338 1404 373 esse
1436 323 1796 387 praedictiones
1828 340 1917 387 per

229 392 444 449 oracula,
461 407 568 453 cap.
600 393 678 450 18,
707 395 778 450 19,
808 388 836 447 5
863 391 1147 451 36-4l,per
1179 390 1386 450 somnia,
1411 404 1516 450 cap.
1548 391 1729 447 20-30,
1760 388 1787 449 §
1816 392 1916 437 42-

229 461 309 517 65,
330 458 553 521 itemque
573 457 946 504 vaticinationes
971 455 1256 513 furentium,
1281 470 1390 517 cap.
1420 456 1501 512 31,
1524 452 1551 513 §
1577 458 1755 505 65-67.
1808 456 1916 503 Ex·-

228 532 416 571 tretnae
456 524 570 571 huic
609 521 932 584 disputationi
971 520 1236 582 Chrysippi
1274 521 1640 580 argumentatio
1678 520 1910 582 adicitur,

229 589 351 637 haec
369 588 622 637 divinandi
647 602 828 648 genera
846 601 961 634 vera
975 600 1083 634 esse
1102 586 1382 645 statuentis,
1403 600 1510 647 cap.
1531 587 1611 647 32,
1636 584 1665 645 5
1682 588 1859 635 68-71.

293 654 491 704 Deinde
535 653 896 717 perlustrantur
936 650 1255 699 divinationis
1304 650 1578 699 artificialis
1622 666 1819 712 genera,
1847 650 1915 699 ad

229 734 358 783 quae
398 719 698 781 haruspiceS,
732 731 960 779 augureS,
989 716 1293 765 coniectores
1334 716 1627 778 pertineant.
1700 717 1915 765 Eorum—

227 786 341 833 dem
365 785 464 833 alia
486 800 593 833 esse
616 785 665 832 in
691 783 952 845 disciplina
978 790 1029 830 et
1051 782 1386 831 monumentis
1409 782 1586 843 posita,
1604 781 1704 829 alia
1725 782 1775 829 in
1800 782 1915 830 sub-

226 851 299 898 ita
331 852 628 909 coniectura,
657 865 764 912 cap.
793 849 974 908 33-37,
1003 846 1031 907 5
1069 849 1098 897 7
1102 850 1246 895 2-80.
1328 848 1462 895 Tum
1497 847 1704 909 exponit
1738 848 1913 909 quibus

227 916 381 965 Stoici
417 916 690 963 rationibus
723 913 1125 962 confirmaverint
1156 927 1264 961 esse
1296 927 1352 961 re
1382 926 1501 961 vera
1534 913 1906 973 divinationem,

225 997 333 1043 cap.
359 983 422 1029 38
452 996 553 1043 seq.
578 979 607 1040 5
633 982 810 1029 81-87.
899 980 1026 1037 lam,
1050 978 1138 1041 qui
1172 978 1529 1034 divinationem
1564 992 1675 1027 esse
1709 988 1906 1039 negent,

227 1046 360 1109 quod
388 1045 522 1093 nulla
549 1047 614 1093 sit
640 1046 747 1093 eius
775 1043 900 1092 ratio
926 1053 978 1092 et
1003 1059 1171 1104 causa,
1188 1058 1273 1093 eos
1300 1058 1491 1093 errare:
1530 1057 1650 1091 uam
1672 1058 1913 1106 quaeren-

226 1112 344 1159 dum
374 1125 482 1160 esse
515 1112 642 1159 sitne
668 1110 908 1159 divinatio
940 1124 1113 1170 necne,
1133 1124 1233 1157 non
1260 1124 1361 1172 quo
1385 1109 1536 1158 modo
1563 1108 1665 1157 fiat.
1738 1108 1914 1171 Neque

226 1192 342 1224 vero
363 1177 520 1225 autin
538 1176 641 1223 vita
663 1175 914 1224 communi
936 1184 1024 1239 aut
1047 1192 1078 1223 a
1101 1175 1406 1239 philosophis
1424 1174 1640 1223 dubitari
1662 1173 1780 1237 quin
1800 1189 1913 1223 vere

226 1243 291 1289 sit
318 1241 576 1300 divinatio,
595 1256 701 1303 cap.
726 1242 807 1301 40,
833 1240 1058 1300 587-89.
1134 1242 1290 1289 Recte
1315 1241 1468 1289 etiam
1498 1240 1687 1288 moveri
1718 1240 1913 1288 animos

227 1308 485 1355 hominum
509 1306 808 1368 antiquitate
823 1306 1110 1355 clarissimis
1128 1306 1423 1355 testimoniis
1440 1315 1625 1355 testata
1646 1314 1697 1354 et
1718 1306 1913 1365 consig-

226 1382 359 1432 nata,
379 1387 485 1433 cap.
505 1371 585 1432 41,
611 1370 639 1431 5
663 1374 844 1432 90-92,
873 1380 924 1420 et
951 1373 1002 1421 in
1031 1372 1222 1435 optima
1248 1386 1446 1435 quaque
1478 1387 1534 1419 re
1567 1370 1767 1434 publica
1798 1386 1913 1419 cum

226 1447 391 1486 cetera
425 1437 682 1485 divinandi
715 1453 900 1499 genera
934 1447 1039 1485 tum
1076 1436 1297 1499 auspicia
1330 1451 1524 1499 semper
1550 1436 1777 1495 valuisse,
1798 1451 1905 1497 cap.

225 1504 404 1562 42-48,
426 1500 454 1561 5
479 1505 692 1552 93-108.
755 1504 971 1553 Omnem
992 1518 1113 1551 vero
1134 1502 1453 1551 divinationis
1471 1502 1574 1550 vim
1595 1510 1648 1550 et
1668 1502 1911 1562 originem

225 1568 531 1617 referendam
567 1582 676 1617 esse
708 1568 772 1616 ad
801 1569 968 1629 deum,
991 1583 1098 1631 cap.
1120 1570 1300 1630 4÷›·-55,
1324 1566 1353 1627 5
1376 1570 1621 1628 109-126,
1641 1567 1708 1615 ad
1734 1568 1909 1627 fatum,

223 1648 331 1697 cap.
349 1636 432 1694 56,
455 1632 482 1693 5
504 1637 616 1695 127,
640 1636 748 1694 128,
768 1643 820 1683 et
840 1633 906 1682 ad
929 1642 1179 1694 naturam,
1198 1649 1304 1697 cap.
1326 1636 1410 1693 57,
1425 1636 1506 1694 58,
1529 1631 1556 1692 5
1582 1635 1825 1683 129-132.

306 1785 350 1844 Ι.
440 1789 490 1842 1.
527 1784 714 1842 Vetus
736 1784 936 1862 opinio
960 1792 1048 1842 est
1069 1785 1183 1841 iam
1209 1803 1391 1863 usque
1413 1783 1486 1842 ab
1508 1783 1756 1842 heroicis
1777 1783 1913 1842 duc·

223 1871 286 1922 ta
317 1864 676 1942 temporibus
717 1883 896 1942 eaque
929 1870 988 1922 et
1028 1863 1233 1942 populi
1265 1864 1515 1922 Romani
1555 1870 1615 1922 et
1648 1864 1911 1922 omnium

222 1945 485 2021 gentium
541 1945 766 2002 firmata
813 1964 1094 2002 consensu
1145 1945 1354 2002 versari
1405 1943 1713 2022 quamdam
1760 1945 1911 2002 inter

223 2025 489 2084 homines
523 2025 958 2096 divinationem,
985 2044 1158 2102 quam
1188 2023 1391 2083 Graeci
1418 2025 1689 2101 μαντικὴν
1719 2024 1911 2102 appel-

222 2105 361 2177 lant,
387 2106 449 2164 id
478 2113 580 2176 est,
605 2105 1067 2183 praesensionem
1105 2112 1164 2164 et
1197 2105 1495 2162 seientiam
1529 2124 1719 2162 rerum
1753 2105 1910 2162 futu-

221 2205 429 2243 rarum.
515 2184 823 2261 Magnifica
855 2185 1092 2262 quidem
1126 2204 1217 2243 res
1250 2193 1309 2242 et
1344 2185 1624 2257 salutaris,
1648 2185 1699 2242 si
1732 2185 1909 2243 modo

222 2272 310 2323 est
331 2265 462 2336 ulla,
484 2283 707 2342 quaque
735 2265 996 2342 proxime
1025 2265 1099 2323 ad
1122 2265 1360 2323 deorum
1384 2266 1501 2322 vim
1529 2273 1736 2324 natura
1762 2285 1911 2323 mor-

221 2344 354 2402 talis
375 2346 560 2422 possit
587 2345 868 2402 accedere.
940 2345 1143 2423 Itaque
1173 2353 1238 2402 ut
1267 2345 1378 2403 alia
1406 2365 1513 2403 nos
1541 2345 1745 2403 melius
1766 2345 1910 2403 mul-

222 2433 284 2482 ta
312 2444 484 2502 quam
513 2424 734 2494 Graeci,
759 2425 839 2482 sic
869 2424 1002 2483 huic
1031 2426 1555 2502 praestantissimae
1584 2426 1667 2483 rei
1695 2444 1907 2483 nomen

222 2505 406 2563 nostri
433 2525 468 2562 a
494 2504 659 2576 divis,
684 2503 904 2575 Graeci,
930 2513 995 2563 ut
1015 2505 1187 2564 Plato
1208 2506 1635 2583 interpretatur,
1658 2526 1695 2563 a
1714 2506 1909 2564 furore

221 2585 524 2644 duxerunt.
611 2592 663 2644 2.
708 2585 953 2644 Gentem
991 2586 1223 2664 quidem
1267 2586 1485 2644 nullam
1520 2586 1688 2644 video
1723 2605 1910 2663 neque

221 2673 340 2723 tam
375 2665 686 2724 humanam
729 2676 904 2744 atque
945 2666 1177 2724 doctam
1220 2685 1407 2743 neque
1438 2673 1560 2723 tam
1594 2666 1907 2723 immanem

221 2754 456 2824 tamque
497 2745 812 2816 barbaram,
839 2765 983 2824 quae
1025 2766 1144 2803 non
1187 2745 1496 2823 significari
1537 2747 1737 2804 futura
1776 2753 1836 2803 et
1874 2763 1910 2802 a

222 2826 564 2904 quibusdam
586 2827 841 2904 intellegi
865 2827 1230 2904 praedicique
1254 2846 1420 2903 posse
1444 2832 1685 2884 censeat.
1744 2824 1909 2883 Prin-

203 2907 376 2983 .eipio
419 2907 663 2983 Assyrii,
696 2915 762 2964 ut
811 2906 883 2963 ab
926 2906 1147 2963 ultimis
1188 2906 1591 2964 auctoritatem
1632 2911 1907 2983 repetam,

219 2995 457 3064 propter
484 2987 782 3064 planitiem
815 2987 1391 3064 magnitudinemque
1420 2987 1742 3064 regionum,
1766 3003 1909 3062 quas

220 3067 563 3138 incolebant,
589 3087 719 3124 cum
750 3066 966 3124 caelum
1003 3085 1072 3123 ex
1107 3068 1266 3124 omni
1300 3074 1462 3143 parte
1490 3073 1694 3145 patens
1734 3072 1909 3143 atque

221 3154 482 3222 apertum
504 3147 877 3214 intuerentur,
902 3145 1265 3205 traiectiones
1286 3154 1593 3225 motusque
1616 3145 1907 3204 stellarum

219 3225 728 3298 observitaverunt,
754 3226 963 3302 quibus
995 3226 1213 3285 notatis
1246 3227 1388 3305 quid
1430 3245 1661 3305 quoque
1696 3223 1908 3302 signifi·
