2199 3546
684 165 824 216 Lm.
856 161 983 228 111„
1011 164 1427 229 cAP.111.-v.‚
1452 165 1481 226 ς
1507 168 1652 218 7-13.
1920 171 2013 218 ιιι

324 287 548 326 merum
577 267 781 340 solum,
806 267 905 326 sed
935 269 1109 326 etiam
1140 268 1402 326 ordinem
1430 277 1901 346 argumentorum
1929 276 2017 328 tu-

325 368 508 406 orum.
592 347 857 406 Primum
905 347 1037 420 fuit,
1084 367 1217 406 cum
1272 349 1491 406 caelum
1549 351 2013 427 suspexissemuS,

325 429 522 486 statim
551 448 660 486 nos
686 427 1016 505 intellegere
1050 447 1173 486 esse
1206 429 1442 506 aliquod
1469 447 1700 502 numen,
1726 449 1841 508 quo
1874 430 2016 489 haec

323 515 608 586 regantur.
693 508 784 566 Ex
809 507 923 566 hoc
955 507 1101 566 illud
1129 508 1339 568 etiam:

345 621 530 685 Aspice
550 620 646 670 hoc
667 619 911 670 sublimen
932 619 1166 683 candens,
1182 635 1331 685 quem
1353 620 1587 671 invocant
1609 637 1783 673 omnes
1804 623 1991 674 Iovem.

327 747 420 800 11.
482 740 658 810 Quasi
712 759 846 798 vero
908 740 1213 818 quisquam
1268 748 1533 799 nostrum
1588 743 1765 799 istum
1820 743 2017 819 potius

325 841 496 899 quam
541 820 938 898 Capitolinum
979 819 1182 879 Iovem
1222 821 1475 899 appellet
1514 828 1616 879 aut
1652 821 1765 879 hoc
1802 822 2017 899 perspi-

323 921 499 959 cuum
527 901 604 958 sit
629 905 965 977 constetque
991 900 1145 959 inter
1172 920 1389 973 omneS,
1414 920 1513 959 eos
1540 921 1662 960 esse
1690 902 1845 973 deos,
1871 921 2015 979 quos

321 981 436 1039 tibi
476 979 734 1040 Velleius
772 980 1055 1058 multique
1091 987 1389 1058 praeterea
1417 1000 1492 1039 ne
1532 982 1852 1039 animantes
1894 982 2015 1058 qui-

323 1060 462 1118 dem
490 1079 611 1118 esse
637 1059 968 1118 concedant.
1053 1059 1241 1119 Grave
1269 1061 1447 1119 etiam
1472 1068 1875 1139 argumentum
1904 1061 2014 1119 tibi

323 1139 639 1212 videbatur,
665 1139 821 1217 quod
849 1141 1048 1218 opinio
1077 1140 1151 1198 de
1179 1141 1270 1199 dis
1296 1141 1719 1199 immortalibus
1747 1148 1805 1199 et
1832 1161 1925 1198 om
1934 1142 2015 1198 ni-

321 1239 424 1279 um
465 1227 616 1278 esset
647 1227 706 1278 et
737 1219 952 1278 cotidie
993 1228 1285 1279 cresceret.
1370 1219 1569 1279 Placet
1604 1221 1783 1299 igitur
1822 1227 2013 1278 tantas

320 1319 412 1360 res
440 1299 716 1378 opinione
743 1299 1050 1358 stultorum
1077 1299 1335 1371 iudicari,
1357 1299 1523 1358 vobis
1542 1301 1892 1378 praesertim,
1914 1301 2014 1378 qui

320 1379 452 1440 illos
491 1381 724 1438 insanos
765 1399 886 1438 esse
927 1379 1170 1438 dicatis?
1250 1379 1326 1439 V.
1369 1379 1457 1438 At
1496 1381 1650 1439 enim
1688 1388 2013 1458 praesentes

322 1460 584 1519 videmus
617 1459 775 1532 deoS,
797 1467 866 1518 ut
893 1459 1049 1538 apud
1076 1459 1368 1538 Regillum
1396 1459 1749 1532 PostumiuS,
1772 1461 1834 1517 in
1863 1460 2015 1518 Sala·

320 1541 408 1600 ria
433 1540 724 1613 Vatinius,
752 1539 947 1598 nescio
990 1539 1133 1617 quid
1173 1540 1346 1598 etiam
1390 1540 1462 1598 de
1501 1539 1813 1598 Locrorum
1855 1540 2011 1618 apud

321 1620 561 1699 Sagram
595 1619 832 1698 proelio.
918 1618 1078 1688 Quos
1110 1620 1291 1697 igitur
1320 1628 1386 1678 tu
1419 1620 1780 1698 Tyndaridas
1821 1620 2012 1698 appel-

319 1701 494 1775 labaS,
525 1701 588 1759 id
621 1707 725 1773 est,
747 1700 1016 1758 homines
1047 1699 1285 1758 homine
1317 1707 1501 1770 natos,
1526 1707 1585 1758 et
1608 1719 1765 1779 ‚quos
1797 1700 2013 1758 Home-

320 1803 434 1854 ωε,
465 1782 567 1861 qui
601 1801 798 1840 recens
829 1781 902 1839 ab
935 1780 1165 1839 illorum
1202 1788 1389 1839 aetate
1422 1782 1554 1851 fnit,
1586 1781 1841 1857 sepultos
1891 1800 2011 1839 esse

319 1863 466 1922 dicit
486 1862 932 1933 Lacedaemone,
953 1880 1053 1919 eos
1071 1867 1138 1918 tu
1159 1859 1469 1919 cantheriis
1490 1860 1651 1930 albis,
1675 1860 1849 1917 nullis
1868 1861 2015 1918 calo·

320 1943 509 2014 nibus,
533 1942 611 2001 ob
637 1941 792 2000 viam
815 1941 1056 1998 Vatinio
1081 1940 1299 1998 venisse
1320 1940 1613 1998 existimas
1634 1947 1693 1998 et
1712 1939 2007 1998 victoriam

320 2023 528 2103 populi
554 2022 806 2080 Romani
832 2020 1075 2079 Vatinio
1114 2020 1311 2098 potins
1336 2018 1562 2077 homini
1590 2019 1805 2077 rustico
1840 2038 2011 2097 quam

321 2104 400 2163 M.
422 2102 650 2175 Catoni,
671 2102 920 2180 quitum
949 2106 1072 2159 erat
1097 2100 1381 2177 princeps,
1405 2099 1793 2157 nuntiavisse?
1857 2098 2011 2176 Ergo

322 2192 382 2243 et
408 2183 554 2242 illud
579 2184 642 2241 in
677 2182 851 2253 silice,
877 2180 1034 2258 quod
1061 2179 1237 2239 hodie
1270 2186 1509 2258 apparet
1540 2179 1695 2257 apud
1722 2178 2009 2257 Regillum

320 2272 620 2341 tamquam
638 2262 946 2339 vestigium
964 2259 1230 2338 ungulae,
1244 2259 1501 2317 Castoris
1518 2279 1584 2337 eq
1592 2260 1648 2317 ui
1667 2260 1850 2317 credis
1863 2261 2013 2318 esse!

325 2350 418 2401 12.
463 2342 675 2400 Nonne
709 2343 890 2400 mavis
917 2340 1060 2398 illud
1088 2340 1333 2411 credere,
1359 2339 1516 2417 quod
1542 2339 1773 2417 probari
1800 2346 2009 2417 potest,

321 2423 548 2481 animos
561 2420 980 2499 praeclarorum
995 2420 1318 2490 hominum,
1332 2419 1527 2497 quales
1541 2420 1637 2477 isti
1650 2420 2013 2497 Tyndaridae

320 2503 578 2574 fuerunt,
596 2500 825 2559 divinos
852 2520 972 2557 esse
999 2507 1058 2557 ct
1079 2507 1341 2558 aeternos
1369 2518 1541 2577 quam
1571 2518 1685 2569 eos,
1711 2500 1810 2577 qui
1838 2499 2011 2557 semel

323 2582 562 2641 cremati
595 2587 800 2652 essent,
825 2580 1082 2657 equitare
1113 2586 1175 2637 et
1200 2580 1261 2637 in
1292 2580 1411 2637 acie
1438 2598 1694 2657 pugnare
1722 2579 2014 2656 potuisse&

274 2652 282 2659 ’
324 2669 442 2735 aut,
451 2661 501 2719 si
516 2661 630 2719 hoc
642 2659 764 2718 fieri
779 2660 1036 2737 potuisse
1049 2659 1210 2731 dicis,
1220 2659 1427 2717 doceas
1444 2666 1674 2737 oportet
1689 2677 1803 2736 quo
1818 2658 2011 2730 mod0‚

323 2761 432 2800 nec
459 2740 698 2800 fabellas
719 2739 897 2797 aniles
919 2739 1191 2817 proferas.
1280 2744 1371 2797 13.
1415 2738 1567 2797 Tum
1589 2738 1873 2796 Lucilius:
1916 2738 2015 2795 An

321 2821 452 2894 tibi,
471 2820 678 2899 inquit,
698 2819 942 2879 fabellae
958 2819 1261 2878 videntur?
1322 2818 1533 2877 Nonne
1549 2838 1585 2875 a
1601 2818 1906 2876 Postumio
1929 2837 2014 2875 ae-

321 2902 460 2960 dem
494 2899 720 2959 Castori
749 2907 809 2958 et
835 2899 1060 2957 Polluci
1087 2899 1149 2956 in
1178 2898 1311 2955 foro
1340 2897 1679 2966 dedicatam,
1710 2915 1903 2954 nonne
1936 2916 2017 2953 se-

322 2988 496 3040 natus
529 2979 858 3039 consultum
892 2978 964 3037 de
993 2978 1235 3037 Vatinio
1270 2977 1469 3035 vides?
1556 2977 1705 3033 Nam
1737 2976 1809 3033 de
1839 2974 2018 3050 Sagra

323 3062 676 3120 Graecorum
719 3059 896 3116 etiam
929 3065 1016 3115 est
1052 3056 1285 3133 vulgare
1316 3054 1701 3133 proverbium,
1739 3054 1837 3129 qui
1873 3072 2018 3129 quae

325 3141 635 3200 adfirmant
667 3139 912 3196 certiora
946 3156 1068 3194 esse
1106 3136 1310 3194 dicunt
1344 3152 1517 3211 quam
1554 3132 1653 3189 illa
1685 3150 1829 3209 quae
1862 3130 2018 3208 apud

327 3221 586 3299 Sagram.
671 3217 786 3278 His
825 3216 1004 3298 igitur
1033 3213 1365 3275 auctoribus
1397 3228 1591 3291 nonne
1622 3209 1797 3271 debes
1828 3228 2019 3270 move.-
