2199 3546
569 127 708 176 Lm.
741 127 810 188 1.‚
838 125 1381 190 CAP.XV11.-XX.,
1405 126 1435 188 5
1458 128 1637 179 45-53.
1886 130 1949 180 21

262 227 576 288 individuis
617 229 854 288 exsistat
893 235 954 287 et
993 229 1069 287 ad
1109 249 1217 287 nos
1258 229 1491 303 adfluat‚
1521 237 1645 289 tum
1680 231 1951 290 maximis

261 309 658 386 voluptatibus
698 309 760 366 in
801 328 896 367 eas
937 310 1219 387 imagines
1251 318 1507 368 mentem
1548 311 1833 370 intentam
1864 313 1950 370 in-

260 389 548 467 fixamque
580 396 836 447 nostram
870 389 1321 466 intellegentiam
1357 409 1573 467 capere,
1606 411 1751 469 quae
1772 392 1862 449 eit.
1890 399 1949 450 et

260 468 431 526 beata
470 476 674 526 natura
706 475 765 526 et
797 477 1040 527 aeterna.
1129 475 1221 527 50.
1259 469 1497 527 Summa
1530 491 1664 529 vero
1698 471 1785 529 vis
1822 471 1949 529 infi-

259 549 462 606 nitatis
495 556 556 606 et
586 568 798 625 magna
823 567 889 606 ac
917 549 1185 626 diligenti
1219 551 1705 628 contemplatione
1733 551 1949 629 dignis-

261 629 408 686 sima
441 635 543 700 est,
574 629 634 685 in
669 648 782 706 qua
813 629 1071 706 intellegi
1106 647 1333 688 necesse
1367 637 1455 688 est
1482 651 1609 689 eam
1638 650 1759 689 esse
1786 639 1949 695 natu-

260 713 402 780 ram,
432 715 499 766 ut
541 709 738 766 omnia
777 709 1046 766 omnibus
1079 709 1313 786 paribus
1354 711 1513 788 paria
1543 711 1943 788 respondeant.

260 788 432 846 Hanc
461 791 752 866 ἰσονομίαν
771 787 1023 866 appellat
1049 789 1349 866 Epicurus,
1373 791 1436 848 id
1462 797 1565 861 est,
1591 790 1945 868 aequabilem

259 868 656 928 tributionem.
741 869 830 925 Ex
858 868 964 926 hac
993 869 1173 946 igitur
1200 869 1344 927 illud
1372 870 1630 939 efficitur,
1662 872 1709 927 si
1738 878 1944 928 morta-

259 947 404 1010 lium
433 955 597 1006 tanta
627 948 944 1008 multitudo
979 950 1069 1020 sit,
1102 969 1222 1007 esse
1256 951 1665 1008 immortalium
1698 968 1815 1007 non
1844 951 1949 1008 mi-

245 1047 462 1086 -norem
483 1035 558 1099 et,
580 1029 792 1106 siquae
813 1029 1149 1087 interimant
1170 1029 1607 1088 innumerabilia
1624 1031 1754 1102 sint,
1771 1031 1946 1089 etiam

261 1127 330 1167 ea
359 1127 502 1185 quae
530 1115 869 1166 conservent
897 1108 1123 1167 infinita
1150 1129 1271 1168 esse
1293 1108 1515 1168 debere.
1580 1110 1659 1168 Et
1680 1129 1947 1188 quaerere

259 1191 296 1247 a
326 1187 512 1260 nobis),
542 1187 741 1260 Balbe,
766 1189 962 1248 soletis
991 1209 1135 1267 quae
1164 1190 1284 1248 vita
1310 1190 1549 1248 deorum
1584 1191 1661 1248 sit
1690 1209 1947 1268 quaeque

260 1267 336 1329 ab
379 1268 451 1325 iis
498 1269 741 1346 degatur
789 1276 959 1328 aeta-⁶3.
1059 1275 1152 1327 51.
1197 1269 1284 1327 Ea
1326 1269 1608 1342 videlicet,
1640 1290 1754 1348 qua
1800 1270 1947 1327 nihil

259 1347 500 1419 beatiuS,
532 1349 678 1406 nihil
707 1349 978 1407 omnibus
1006 1349 1177 1407 bonis
1204 1349 1549 1408 adfluentius
1577 1351 1819 1428 cogitari
1846 1370 1948 1427 po-

260 1424 390 1486 test.
476 1428 640 1486 Nihil
669 1429 824 1487 enim
853 1430 992 1506 agit,
1023 1429 1197 1487 nullis
1226 1430 1700 1507 occupationibus
1728 1437 1815 1488 est
1844 1431 1947 1487 im-

261 1506 522 1584 plicatus,
547 1509 704 1566 nulla
734 1527 907 1587 opera
933 1508 1186 1580 molitur,
1212 1529 1315 1568 sua
1342 1510 1621 1588 sapientia
1648 1517 1707 1568 et
1734 1511 1945 1568 virtute

259 1588 491 1666 gaudet,
522 1588 698 1646 habet
746 1589 1109 1667 exploratum
1154 1590 1279 1647 fore
1328 1610 1389 1648 se
1438 1608 1664 1668 semper
1706 1610 1837 1648 cum
1886 1591 1945 1648 in

259 1668 528 1726 maximis
569 1675 696 1726 tum
742 1669 802 1726 in
844 1669 1092 1727 aeternis
1133 1669 1540 1748 voluptatibus,
1626 1669 1762 1728 XX.
1850 1676 1942 1728 52.

261 1747 640 1807 Huncdeum
673 1749 782 1808 rite
810 1749 1044 1808 beatum
1073 1749 1403 1823 dixerimuS,
1428 1757 1681 1809 vestrum
1709 1769 1843 1809 vero
1871 1750 1946 1808 la-

264 1825 733 1888 boriosissimum.
819 1830 953 1888 Sive
997 1831 1152 1887 enim
1198 1831 1321 1909 ipse
1364 1831 1616 1889 mundus
1657 1832 1799 1889 deus
1839 1838 1942 1902 est,

263 1908 404 1985 quid
437 1916 630 1987 potest
663 1930 784 1967 esse
815 1911 1008 1968 minus
1037 1911 1299 1988 quietum
1330 1930 1498 1988 quam
1534 1910 1692 1968 nullo
1726 1919 1945 1989 puncto

261 1989 541 2065 temporis
568 1990 894 2047 intermisso
923 1990 1134 2047 versari
1162 1990 1375 2048 circum
1406 2010 1570 2047 axem
1598 1990 1740 2048 caeli
1768 1992 1947 2049 admi-

261 2066 428 2125 rabili
457 2068 781 2128 celeritate?
863 2069 992 2127 Nisi
1024 2069 1284 2149 quietum
1314 2077 1507 2127 autem
1536 2069 1681 2127 nihil
1710 2069 1944 2129 beatum

261 2154 366 2219 est,
397 2148 516 2206 sive
549 2148 610 2206 in
643 2149 772 2227 ipso
800 2149 1022 2207 mundo
1051 2150 1194 2207 deus
1227 2150 1376 2207 inest
1403 2150 1610 2227 aliquis
1639 2150 1739 2227 qui
1765 2157 1941 2228 regat,

263 2228 364 2307 qui
396 2226 694 2306 gubernet,
728 2229 827 2307 qui
859 2248 1057 2287 cursus
1090 2236 1391 2302 astrorum,
1422 2230 1773 2289 mutationes
1804 2238 1947 2289 tem-

261 2326 487 2386 porum,
523 2327 711 2367 rerum
761 2309 1184 2368 vicissitudines
1240 2310 1581 2388 ordinesque
1630 2317 1941 2383 conservet,

259 2395 440 2446 terras
473 2395 532 2446 et
561 2389 744 2446 maria
770 2390 1167 2468 contemplans
1199 2390 1503 2449 hominum
1532 2391 1841 2449 commoda
1867 2391 1947 2449 vi-

259 2474 463 2547 tasque
490 2470 734 2540 tueatur,
767 2488 838 2527 ne
871 2468 966 2527 ille
1001 2477 1087 2527 est
1121 2470 1450 2547 implicatus
1483 2470 1741 2528 molestis
1773 2490 1945 2548 nego—

259 2548 360 2607 tiis
400 2555 460 2606 et
501 2549 790 2626 operosis!
875 2556 966 2607 53.
1005 2548 1130 2607 Nos
1168 2557 1360 2607 autem
1399 2550 1626 2608 beatam
1660 2550 1840 2607 vitam
1883 2550 1945 2607 in

259 2628 440 2685 animi
482 2630 784 2687 securitate
817 2636 876 2687 et
913 2628 972 2686 in
1009 2630 1269 2687 omnium
1303 2631 1599 2688 vacatione
1639 2648 1945 2687 munerum

259 2708 546 2785 ponimus,
631 2708 851 2766 Docuit
879 2709 1033 2766 enim
1062 2728 1170 2767 nos
1199 2710 1350 2767 idem
1383 2710 1480 2787 qui
1508 2717 1711 2781 cetera,
1742 2717 1947 2767 natura

260 2786 532 2845 effectum
575 2807 696 2845 esse
744 2788 1061 2847 mundum:
1114 2789 1258 2846 nihil
1302 2808 1447 2867 opus
1488 2790 1666 2848 fuisse
1707 2790 1941 2861 fabrica,

259 2872 494 2946 tamque
523 2887 647 2925 eam
670 2888 789 2926 rem
821 2888 941 2926 esse
962 2869 1209 2940 facilem,
1232 2890 1403 2947 quam
1424 2890 1527 2927 vos
1555 2869 1701 2927 effici
1721 2871 1945 2947 negatis

259 2947 382 3005 sine
425 2947 621 3005 divina
662 2968 830 3026 posse
873 2948 1139 3020 sollertia,
1170 2956 1237 3006 ut
1268 2948 1710 3006 innumerabiles
1742 2956 1946 3006 natura

258 3026 510 3085 mundos
553 3028 827 3085 effectura
868 3028 958 3099 sit,
985 3028 1210 3100 efficiat,
1242 3030 1509 3087 effecerit.
1596 3027 1769 3097 Quod
1812 3028 1945 3106 quia

260 3126 433 3185 quem
475 3107 549 3164 ad
591 3108 831 3175 modum
874 3115 1079 3166 natura
1120 3107 1339 3166 efficere
1374 3109 1495 3165 sine
1528 3108 1719 3186 aliqua
1750 3115 1945 3167 mente

258 3187 446 3311 ροεεὶξῦ3
482 3205 602 3244 non
637 3187 862 3259 videtis,
884 3194 950 3245 ut
989 3188 1194 3265 tragici
1234 3194 1460 3273 poetae,
1492 3207 1623 3245 eum
1665 3189 1945 3267 explicare
