2199 3546
1124 27 1153 61 l

573 149 712 198 LIB.
735 149 829 210 11„
849 149 1008 200 CAP.
1026 148 1325 210 LL-le„
1348 147 1378 208 δ
1406 150 1646 198 loe-110.
1861 151 1959 198 235

265 253 429 314 LIII.
455 252 628 323 Vide,
649 271 878 328 quaese,
897 251 1175 328 Cratippe
1194 257 1405 322 noster,
1426 269 1599 328 quam
1622 249 1739 308 sint
1757 249 1871 308 ista
1890 250 1958 307 si-

200 380 205 385 .
265 333 444 390 milia.
518 331 670 388 Nam
688 331 834 388 mihi
850 350 968 388 non
986 331 1269 395 videntur.
1342 329 1508 388 Oculi
1526 331 1681 388 enim
1699 349 1833 388 vera
1847 349 1961 388 cer-

265 421 474 472 nentes
496 418 738 469 utuntur
764 418 968 468 natura
994 418 1168 488 atque
1198 427 1398 468 sensu:
1440 411 1637 481 animi,
1656 410 1704 468 si
1728 410 1959 488 quando

266 493 358 552 vel
382 491 747 551 vaticinando
769 491 860 548 vel
888 491 1233 548 somniando
1255 509 1385 548 vera
1406 489 1689 560 viderunt,
1709 490 1797 546 usi
1826 496 1960 548 sunt

267 574 510 632 fortuna
535 579 706 648 atque
735 591 884 629 casu.
954 570 1084 628 Nisi
1105 570 1259 629 forte
1286 589 1653 628 concessuros
1680 569 1791 627 tibi
1818 569 1960 627 exis-

267 654 442 710 timas
475 671 591 722 eOS,
612 651 710 727 qui
737 650 965 709 somnia
991 669 1096 728 pro
1132 650 1371 707 somniis
1396 649 1629 717 habent,
1650 649 1698 707 si
1727 649 1957 726 quando

267 732 504 808 aliquod
535 731 823 788 somnium
853 750 1050 788 verum
1079 730 1338 800 evaserit,
1364 748 1481 786 non
1509 729 1573 786 id
1598 729 1845 785 fortuito
1872 748 1959 786 ac-

268 812 493 870 cidisse.
575 810 694 868 Sed
729 811 934 868 demus
971 809 1080 867 tibi
1112 810 1253 867 istas
1292 808 1435 866 duas
1474 808 1849 884 sumptioneS,
1874 828 1957 880 ea,

269 910 416 968 quae
443 891 712 967 λήμματα
741 890 1032 967 appellant
1062 889 1363 967 dialectici,
1388 888 1488 946 sed
1517 907 1623 945 nos
1652 885 1853 945 Latine
1882 888 1959 944 lo-

267 971 371 1047 qui
417 971 706 1028 malumus
729 988 742 1027 :
799 970 1131 1046 adsumptio
1175 976 1387 1040 tamen,
1426 987 1599 1044 quam
1648 967 1958 1040 πρόςληψιν

265 1050 446 1108 iidem
465 1058 690 1120 vocant,
703 1069 820 1108 non
841 1049 1087 1119 dabitur.
1164 1054 1295 1107 109.
1322 1047 1594 1106 Adsumit
1610 1055 1803 1106 autem
1828 1047 1961 1106 Cra-

265 1130 466 1206 tippus
495 1130 606 1188 hoc
633 1130 844 1187 modo:
891 1129 925 1156 “
944 1129 1094 1196 Sunt
1112 1136 1315 1188 -autem
1338 1129 1781 1187 innumerabiles
1803 1148 1959 1206 prae-

265 1210 560 1268 sensiones
581 1229 698 1268 non
721 1208 1049 1267 fortuitae.’'
1121 1209 1207 1267 At
1226 1228 1335 1286 ego
1358 1209 1489 1267 dico
1512 1209 1742 1267 nullam.
1810 1208 1959 1268 Vide

267 1296 484 1367 quanta
511 1290 586 1348 sit
615 1289 1014 1348 controversia.
1091 1289 1217 1347 Iam
1246 1289 1650 1367 adsumptione
1677 1310 1798 1347 non
1826 1309 1957 1347 eon-

263 1389 424 1428 cessa
445 1369 602 1430 nulla
622 1370 912 1428 conclusio
936 1377 1038 1428 est.
1113 1370 1196 1426 At
1216 1370 1584 1447 impudentes
1605 1390 1819 1440 summ,
1840 1371 1954 1446 qui,

263 1469 400 1508 cum
421 1457 539 1508 tam
564 1451 930 1528 perspicuum
961 1451 1052 1521 sit,
1074 1469 1191 1506 non
1222 1449 1617 1507 concedamus
1687 1448 1844 1517 Quid
1871 1458 1958 1507 est

263 1531 672 1608 perspicuum?
729 1530 914 1588 Multa
931 1550 1078 1600 vera,
1092 1530 1298 1607 inquit,
1312 1530 1563 1587 evadere.
1618 1527 1959 1606 Quid,quod

263 1610 454 1668 multo
475 1611 640 1688 plura
660 1610 840 1668 falsa?
906 1609 1117 1668 Nonne
1140 1611 1263 1686 ipsa
1286 1610 1541 1680 varieta8‚
1558 1629 1701 1687 quae
1724 1616 1811 1666 est
1831 1629 1959 1686 pro-

264 1691 392 1768 pria
409 1691 694 1764 fortunae,
709 1692 1006 1750 fortunam
1031 1711 1151 1748 esse
1173 1711 1419 1762 causam,
1434 1710 1549 1748 non
1574 1698 1835 1748 naturam
1859 1690 1958 1747 do-

265 1772 396 1830 cet'l
469 1771 713 1844 Deinde,
734 1772 782 1829 si
811 1779 912 1831 tua
937 1771 1049 1829 ista
1075 1771 1383 1843 conclusi0‚
1405 1770 1696 1849 Cratippe,
1714 1790 1845 1829 vera
1872 1778 1959 1828 est

261 1858 540 1909 —tecum
569 1854 724 1910 enim
757 1852 904 1910 mihi
932 1872 1020 1911 res
1049 1860 1409 1910 est-—nonne
1436 1852 1723 1928 intellegis
1756 1851 1955 1909 eadem

264 1931 356 1991 uti
377 1951 552 2009 posse
579 1939 638 1990 et
663 1933 994 2009 haruspices
1027 1941 1086 1991 et
1114 1932 1499 2009 fulguratores
1532 1938 1591 1988 et
1619 1932 1957 2007 interpretes

267 2018 628 2070 ostentorum
671 2020 732 2071 et
773 2031 1016 2090 augures
1053 2019 1113 2071 et
1154 2012 1455 2089 sortilegos
1498 2018 1558 2069 et
1600 2008 1955 2069 Chaldaeos?

268 2110 513 2169 quorum
535 2112 810 2169 generum
833 2092 1053 2149 nullum
1077 2100 1179 2164 est,
1192 2112 1261 2149 ex
1284 2111 1399 2168 quo
1421 2110 1538 2148 non
1558 2090 1790 2166 aliquid,
1809 2090 1957 2148 sicut

266 2171 626 2249 praedictum
657 2173 746 2244 sit,
769 2172 1024 2230 evaserit.
1095 2172 1253 2249 Ergo
1282 2178 1382 2229 aut
1403 2190 1470 2229 ea
1498 2189 1725 2249 quoque
1746 2189 1956 2247 genera

267 2251 566 2309 divinandi
606 2259 758 2323 sunt,
785 2272 928 2329 quae
969 2260 1033 2309 tu
1076 2252 1391 2309 rectissime
1432 2250 1881 2329 improba8,‘aut‚
1906 2251 1953 2307 si

268 2350 338 2388 ea
377 2350 494 2389 non
540 2339 690 2402 sunt,
715 2352 834 2389 non
875 2331 1148 2409 intellego
1178 2351 1279 2389 cur
1308 2331 1449 2389 haec
1491 2332 1607 2388 duo
1652 2331 1782 2402 sint,
1809 2350 1953 2407 quae

267 2411 556 2487 relinquis,
623 2411 751 2481 Qua
778 2431 915 2489 ergo
943 2413 1165 2470 ratione
1194 2412 1334 2469 haec
1362 2411 1603 2484 inducis,
1630 2411 1829 2469 eadem
1858 2410 1955 2467 illa

267 2498 513 2569 possunt
535 2510 672 2561 esse,
699 2511 842 2569 quae
870 2492 1041 2550 tollis.

348 2569 503 2628 LIV.
593 2576 724 2628 110.
784 2570 940 2639 Quid
989 2590 1123 2629 vero
1166 2571 1339 2628 habet
1387 2568 1745 2627 auctoritatis
1792 2569 1956 2626 furor

265 2648 392 2721 iste,
420 2667 592 2726 quem
627 2650 888 2708 divinum
921 2650 1156 2721 vocatiS,
1180 2657 1262 2723 ut,
1288 2668 1435 2727 quae
1466 2651 1692 2727 sapiens
1725 2668 1844 2705 non
1877 2648 1956 2705 vi-

267 2728 418 2799 deat,
449 2748 517 2787 ea
565 2730 758 2787 videat
803 2730 1038 2787 insanus
1085 2737 1145 2787 et
1192 2730 1258 2800 is,
1292 2729 1390 2807 qui
1433 2728 1717 2787 humanos
1758 2748 1955 2785 sensus

265 2808 538 2880 amiserit,
563 2808 790 2867 divinos
822 2809 1127 2867 adsecutus
1160 2810 1271 2867 sit?
1352 2808 1603 2887 Sibyllae
1638 2827 1830 2865 versus
1860 2807 1956 2865 ob-

265 2906 574 2960 servamus,
602 2908 746 2967 quos
778 2888 876 2947 illa
902 2890 1099 2949 furens
1132 2890 1351 2947 fudisse
1384 2889 1609 2947 dicitur.
1694 2888 1953 2957 Quorum

265 2966 548 3045 interpres
579 2988 766 3046 nuper
794 2968 940 3026 falsa
973 2968 1217 3046 quadam
1249 2969 1552 3027 hominum
1584 2968 1745 3025 fama
1776 2967 1956 3025 dictu-

263 3064 363 3103 rus
391 3047 451 3103 in
482 3055 680 3105 senatu
704 3047 1013 3125 putabatur
1042 3068 1193 3120 eum,
1215 3068 1385 3127 quem
1413 3067 1473 3105 re
1495 3067 1626 3105 vera
1646 3066 1838 3123 regem
1862 3046 1955 3103 ha-

267 3124 562 3198 bebamus,
597 3128 1005 3205 appellandum
1049 3148 1279 3206 quoque
1322 3147 1442 3185 esse
1483 3146 1693 3204 regem,
1726 3128 1773 3183 si
1818 3126 1955 3183 salvi

265 3224 388 3269 esse
430 3207 720 3265 vellemus,
804 3206 938 3263 Hoc
971 3207 1020 3263 si
1053 3216 1143 3265 est
1174 3209 1235 3265 in
1268 3207 1443 3276 libris,
1474 3207 1532 3262 in
1568 3224 1738 3283 quem
1773 3205 1953 3260 homi-

1834 3431 2149 3511 ζῇ»
