<?xml version="1.0" encoding="UTF-8"?>
<!DOCTYPE html PUBLIC "-//W3C//DTD XHTML 1.0 Transitional//EN"
    "http://www.w3.org/TR/xhtml1/DTD/xhtml1-transitional.dtd">
<html xmlns="http://www.w3.org/1999/xhtml" xml:lang="en" lang="en">
 <head>
  <title>
</title>
<meta http-equiv="Content-Type" content="text/html;charset=utf-8" />
  <meta name='ocr-system' content='tesseract 3.04.00' />
  <meta name='ocr-capabilities' content='ocr_page ocr_carea ocr_par ocr_line ocrx_word'/>
</head>
<body>
  <div class='ocr_page' id='page_1' title='image "./denaturadeorumd00cicegoog_0257.png"; bbox 0 0 2199 3546; ppageno 0'>
   <div class='ocr_carea' id='block_1_1' title="bbox 575 97 2049 170">
    <p class='ocr_par' dir='ltr' id='par_1_1' title="bbox 575 97 2049 170">
     <span class='ocr_line' id='line_1_1' title="bbox 575 97 2049 170; baseline 0.005 -17"><span class='ocrx_word' id='word_1_1' title='bbox 575 105 714 154; x_wconf 72' lang='grc' dir='ltr'><strong>ΠΒ.</strong></span> <span class='ocrx_word' id='word_1_2' title='bbox 746 105 843 167; x_wconf 89' lang='lat'>11.‚</span> <span class='ocrx_word' id='word_1_3' title='bbox 871 105 1027 156; x_wconf 79' lang='lat' dir='ltr'>CAP.</span> <span class='ocrx_word' id='word_1_4' title='bbox 1060 97 1828 170; x_wconf 69' lang='lat' dir='ltr'>1.xv11.-1.xx.,§139-145.</span> <span class='ocrx_word' id='word_1_5' title='bbox 1950 111 2049 161; x_wconf 76' lang='lat'><strong>24⁷</strong></span> 
     </span>
    </p>
   </div>
   <div class='ocr_carea' id='block_1_2' title="bbox 359 206 2051 3236">
    <p class='ocr_par' dir='ltr' id='par_1_2' title="bbox 363 206 2051 1942">
     <span class='ocr_line' id='line_1_2' title="bbox 369 206 2051 286; baseline 0.002 -22"><span class='ocrx_word' id='word_1_6' title='bbox 369 225 514 284; x_wconf 89' lang='lat' dir='ltr'><strong>quae</strong></span> <span class='ocrx_word' id='word_1_7' title='bbox 541 213 630 264; x_wconf 91' lang='lat' dir='ltr'><strong>est</strong></span> <span class='ocrx_word' id='word_1_8' title='bbox 655 206 1012 264; x_wconf 79' lang='lat' dir='ltr'><strong>continuatio</strong></span> <span class='ocrx_word' id='word_1_9' title='bbox 1035 208 1749 286; x_wconf 82' lang='lat' dir='ltr'><strong>coniunctioquenaturae,</strong></span> <span class='ocrx_word' id='word_1_10' title='bbox 1776 229 1963 286; x_wconf 86' lang='lat' dir='ltr'><strong>quam,</strong></span> <span class='ocrx_word' id='word_1_11' title='bbox 1984 216 2051 268; x_wconf 90' lang='lat' dir='ltr'><strong>ut</strong></span> 
     </span>
     <span class='ocr_line' id='line_1_3' title="bbox 367 287 2048 360; baseline 0.002 -16"><span class='ocrx_word' id='word_1_12' title='bbox 367 287 506 358; x_wconf 78' lang='lat' dir='ltr'><strong>dixi,</strong></span> <span class='ocrx_word' id='word_1_13' title='bbox 537 293 745 344; x_wconf 86' lang='lat' dir='ltr'><strong>vocant</strong></span> <span class='ocrx_word' id='word_1_14' title='bbox 778 287 1145 360; x_wconf 79' lang='grc' dir='ltr'><strong><em>συμπάθειαν,</em></strong></span> <span class='ocrx_word' id='word_1_15' title='bbox 1175 288 1295 344; x_wconf 88' lang='lat' dir='ltr'><strong>eius</strong></span> <span class='ocrx_word' id='word_1_16' title='bbox 1335 288 1511 360; x_wconf 88' lang='lat' dir='ltr'><strong>modi,</strong></span> <span class='ocrx_word' id='word_1_17' title='bbox 1543 295 1610 348; x_wconf 90' lang='lat' dir='ltr'><strong>ut</strong></span> <span class='ocrx_word' id='word_1_18' title='bbox 1639 288 1938 346; x_wconf 83' lang='lat' dir='ltr'><strong>thesaurus</strong></span> <span class='ocrx_word' id='word_1_19' title='bbox 1978 309 2048 348; x_wconf 85' lang='lat' dir='ltr'><strong>ex</strong></span> 
     </span>
     <span class='ocr_line' id='line_1_4' title="bbox 369 364 2048 446; baseline 0.002 -23"><span class='ocrx_word' id='word_1_20' title='bbox 369 386 479 424; x_wconf 89' lang='lat' dir='ltr'><strong>ovo</strong></span> <span class='ocrx_word' id='word_1_21' title='bbox 527 364 785 442; x_wconf 80' lang='lat' dir='ltr'><strong>intellegi</strong></span> <span class='ocrx_word' id='word_1_22' title='bbox 826 365 1068 424; x_wconf 65' lang='lat' dir='ltr'><strong>debeat?</strong></span> <span class='ocrx_word' id='word_1_23' title='bbox 1149 366 1301 424; x_wconf 89' lang='lat' dir='ltr'><strong>Nam</strong></span> <span class='ocrx_word' id='word_1_24' title='bbox 1340 368 1551 426; x_wconf 89' lang='lat' dir='ltr'><strong>medici</strong></span> <span class='ocrx_word' id='word_1_25' title='bbox 1592 389 1661 426; x_wconf 84' lang='lat' dir='ltr'><strong>ex</strong></span> <span class='ocrx_word' id='word_1_26' title='bbox 1706 368 2048 446; x_wconf 87' lang='lat' dir='ltr'><strong>quibusdam</strong></span> 
     </span>
     <span class='ocr_line' id='line_1_5' title="bbox 367 445 2050 509; baseline 0.002 -6"><span class='ocrx_word' id='word_1_27' title='bbox 367 445 535 504; x_wconf 86' lang='lat' dir='ltr'><strong>rebus</strong></span> <span class='ocrx_word' id='word_1_28' title='bbox 579 453 639 504; x_wconf 91' lang='lat' dir='ltr'><strong>et</strong></span> <span class='ocrx_word' id='word_1_29' title='bbox 682 446 1048 504; x_wconf 84' lang='lat' dir='ltr'><strong>advenientes</strong></span> <span class='ocrx_word' id='word_1_30' title='bbox 1092 453 1153 504; x_wconf 91' lang='lat' dir='ltr'><strong>et</strong></span> <span class='ocrx_word' id='word_1_31' title='bbox 1194 455 1507 509; x_wconf 83' lang='lat' dir='ltr'><strong>crescentes</strong></span> <span class='ocrx_word' id='word_1_32' title='bbox 1553 448 1787 506; x_wconf 87' lang='lat' dir='ltr'><strong>morbos</strong></span> <span class='ocrx_word' id='word_1_33' title='bbox 1834 448 2050 506; x_wconf 87' lang='lat' dir='ltr'><strong>intelle-</strong></span> 
     </span>
     <span class='ocr_line' id='line_1_6' title="bbox 366 525 2049 604; baseline 0.002 -22"><span class='ocrx_word' id='word_1_34' title='bbox 366 533 530 602; x_wconf 87' lang='lat' dir='ltr'><strong>gunt,</strong></span> <span class='ocrx_word' id='word_1_35' title='bbox 553 545 670 583; x_wconf 91' lang='lat' dir='ltr'><strong>non</strong></span> <span class='ocrx_word' id='word_1_36' title='bbox 699 525 882 583; x_wconf 88' lang='lat' dir='ltr'><strong>nullas</strong></span> <span class='ocrx_word' id='word_1_37' title='bbox 915 527 1088 584; x_wconf 87' lang='lat' dir='ltr'><strong>etiam</strong></span> <span class='ocrx_word' id='word_1_38' title='bbox 1125 526 1465 584; x_wconf 85' lang='lat' dir='ltr'><strong>valetudinis</strong></span> <span class='ocrx_word' id='word_1_39' title='bbox 1498 527 1958 604; x_wconf 76' lang='lat' dir='ltr'><strong>significationeS,</strong></span> <span class='ocrx_word' id='word_1_40' title='bbox 1981 535 2049 586; x_wconf 88' lang='lat' dir='ltr'><strong>ut</strong></span> 
     </span>
     <span class='ocr_line' id='line_1_7' title="bbox 367 604 2049 684; baseline 0.002 -22"><span class='ocrx_word' id='word_1_41' title='bbox 367 605 522 662; x_wconf 87' lang='lat' dir='ltr'><strong>hoc</strong></span> <span class='ocrx_word' id='word_1_42' title='bbox 506 625 715 683; x_wconf 85' lang='lat' dir='ltr'><strong>ipsum,</strong></span> <span class='ocrx_word' id='word_1_43' title='bbox 742 604 946 682; x_wconf 82' lang='lat' dir='ltr'><strong>“pleni</strong></span> <span class='ocrx_word' id='word_1_44' title='bbox 967 605 1227 664; x_wconf 87' lang='lat' dir='ltr'><strong>enectine</strong></span> <span class='ocrx_word' id='word_1_45' title='bbox 1256 605 1487 677; x_wconf 78' lang='lat' dir='ltr'><strong>simuS,”</strong></span> <span class='ocrx_word' id='word_1_46' title='bbox 1512 626 1581 664; x_wconf 84' lang='lat' dir='ltr'><strong>cx</strong></span> <span class='ocrx_word' id='word_1_47' title='bbox 1610 607 1860 683; x_wconf 90' lang='lat' dir='ltr'><strong>quodam</strong></span> <span class='ocrx_word' id='word_1_48' title='bbox 1881 626 2049 684; x_wconf 87' lang='lat' dir='ltr'><strong>gene-</strong></span> 
     </span>
     <span class='ocr_line' id='line_1_8' title="bbox 365 685 2047 762; baseline 0.001 -20"><span class='ocrx_word' id='word_1_49' title='bbox 365 703 426 742; x_wconf 87' lang='lat' dir='ltr'><strong>re</strong></span> <span class='ocrx_word' id='word_1_50' title='bbox 448 685 802 742; x_wconf 87' lang='lat' dir='ltr'><strong>somniorum</strong></span> <span class='ocrx_word' id='word_1_51' title='bbox 824 685 1080 762; x_wconf 88' lang='lat' dir='ltr'><strong>intellegi</strong></span> <span class='ocrx_word' id='word_1_52' title='bbox 1097 704 1265 762; x_wconf 88' lang='lat' dir='ltr'><strong>posse</strong></span> <span class='ocrx_word' id='word_1_53' title='bbox 1282 685 1499 744; x_wconf 88' lang='lat' dir='ltr'><strong>dicunt.</strong></span> <span class='ocrx_word' id='word_1_54' title='bbox 1574 685 1897 744; x_wconf 84' lang='lat' dir='ltr'><strong>Thesaurus</strong></span> <span class='ocrx_word' id='word_1_55' title='bbox 1914 707 2047 744; x_wconf 89' lang='lat' dir='ltr'><strong>vero</strong></span> 
     </span>
     <span class='ocr_line' id='line_1_9' title="bbox 366 764 2049 841; baseline 0 -19"><span class='ocrx_word' id='word_1_56' title='bbox 366 772 427 822; x_wconf 94' lang='lat' dir='ltr'><strong>et</strong></span> <span class='ocrx_word' id='word_1_57' title='bbox 451 764 737 822; x_wconf 83' lang='lat' dir='ltr'><strong>hereditas</strong></span> <span class='ocrx_word' id='word_1_58' title='bbox 758 772 816 822; x_wconf 86' lang='lat' dir='ltr'><strong>et</strong></span> <span class='ocrx_word' id='word_1_59' title='bbox 836 764 1024 822; x_wconf 92' lang='lat' dir='ltr'><strong>honor</strong></span> <span class='ocrx_word' id='word_1_60' title='bbox 1043 772 1103 822; x_wconf 92' lang='lat' dir='ltr'><strong>et</strong></span> <span class='ocrx_word' id='word_1_61' title='bbox 1123 765 1362 825; x_wconf 86' lang='lat' dir='ltr'><strong>victoria</strong></span> <span class='ocrx_word' id='word_1_62' title='bbox 1382 772 1440 823; x_wconf 88' lang='lat' dir='ltr'><strong>et</strong></span> <span class='ocrx_word' id='word_1_63' title='bbox 1460 764 1643 822; x_wconf 86' lang='lat' dir='ltr'><strong>multa</strong></span> <span class='ocrx_word' id='word_1_64' title='bbox 1661 765 1885 841; x_wconf 87' lang='lat' dir='ltr'><strong>generis</strong></span> <span class='ocrx_word' id='word_1_65' title='bbox 1906 767 2049 824; x_wconf 87' lang='lat' dir='ltr'><strong>eius-</strong></span> 
     </span>
     <span class='ocr_line' id='line_1_10' title="bbox 365 844 2047 922; baseline 0.001 -20"><span class='ocrx_word' id='word_1_66' title='bbox 365 844 497 902; x_wconf 89' lang='lat' dir='ltr'><strong>dem</strong></span> <span class='ocrx_word' id='word_1_67' title='bbox 527 864 640 922; x_wconf 87' lang='lat' dir='ltr'><strong>qua</strong></span> <span class='ocrx_word' id='word_1_68' title='bbox 660 864 794 903; x_wconf 90' lang='lat' dir='ltr'><strong>cum</strong></span> <span class='ocrx_word' id='word_1_69' title='bbox 815 845 1052 903; x_wconf 90' lang='lat' dir='ltr'><strong>somniis</strong></span> <span class='ocrx_word' id='word_1_70' title='bbox 1073 845 1316 902; x_wconf 88' lang='lat' dir='ltr'><strong>naturali</strong></span> <span class='ocrx_word' id='word_1_71' title='bbox 1337 844 1680 922; x_wconf 85' lang='lat' dir='ltr'><strong>cognatione</strong></span> <span class='ocrx_word' id='word_1_72' title='bbox 1701 845 2047 921; x_wconf 66' lang='lat' dir='ltr'><strong>iunguntur?</strong></span> 
     </span>
     <span class='ocr_line' id='line_1_11' title="bbox 369 924 2048 1002; baseline 0.002 -22"><span class='ocrx_word' id='word_1_73' title='bbox 369 929 500 982; x_wconf 85' lang='lat'>143.</span> <span class='ocrx_word' id='word_1_74' title='bbox 543 924 774 982; x_wconf 87' lang='lat' dir='ltr'><strong>Dicitur</strong></span> <span class='ocrx_word' id='word_1_75' title='bbox 811 925 1063 1002; x_wconf 86' lang='lat' dir='ltr'><strong>quidam,</strong></span> <span class='ocrx_word' id='word_1_76' title='bbox 1095 944 1227 982; x_wconf 86' lang='lat' dir='ltr'><strong>eum</strong></span> <span class='ocrx_word' id='word_1_77' title='bbox 1261 925 1321 982; x_wconf 91' lang='lat' dir='ltr'><strong>in</strong></span> <span class='ocrx_word' id='word_1_78' title='bbox 1356 925 1573 982; x_wconf 88' lang='lat' dir='ltr'><strong>somnis</strong></span> <span class='ocrx_word' id='word_1_79' title='bbox 1602 924 1906 1002; x_wconf 86' lang='lat' dir='ltr'><strong>complexu</strong></span> <span class='ocrx_word' id='word_1_80' title='bbox 1935 925 2048 983; x_wconf 89' lang='lat' dir='ltr'><strong>Ve-</strong></span> 
     </span>
     <span class='ocr_line' id='line_1_12' title="bbox 365 1003 2047 1082; baseline 0 -21"><span class='ocrx_word' id='word_1_81' title='bbox 365 1005 524 1062; x_wconf 90' lang='lat' dir='ltr'><strong>nerio</strong></span> <span class='ocrx_word' id='word_1_82' title='bbox 551 1004 898 1082; x_wconf 89' lang='lat' dir='ltr'><strong>iungeretur,</strong></span> <span class='ocrx_word' id='word_1_83' title='bbox 918 1003 1164 1062; x_wconf 87' lang='lat' dir='ltr'><strong>calculos</strong></span> <span class='ocrx_word' id='word_1_84' title='bbox 1192 1005 1435 1062; x_wconf 89' lang='lat' dir='ltr'><strong>eiecisse.</strong></span> <span class='ocrx_word' id='word_1_85' title='bbox 1513 1004 1705 1063; x_wconf 89' lang='lat' dir='ltr'><strong>Video</strong></span> <span class='ocrx_word' id='word_1_86' title='bbox 1734 1004 2047 1082; x_wconf 81' lang='lat' dir='ltr'><strong>sympathi-</strong></span> 
     </span>
     <span class='ocr_line' id='line_1_13' title="bbox 363 1083 2043 1156; baseline 0 -15"><span class='ocrx_word' id='word_1_87' title='bbox 363 1102 488 1141; x_wconf 89' lang='lat' dir='ltr'><strong>am:</strong></span> <span class='ocrx_word' id='word_1_88' title='bbox 531 1084 716 1142; x_wconf 85' lang='lat' dir='ltr'><strong>visum</strong></span> <span class='ocrx_word' id='word_1_89' title='bbox 750 1093 837 1142; x_wconf 88' lang='lat' dir='ltr'><strong>est</strong></span> <span class='ocrx_word' id='word_1_90' title='bbox 870 1084 1024 1142; x_wconf 90' lang='lat' dir='ltr'><strong>enim</strong></span> <span class='ocrx_word' id='word_1_91' title='bbox 1052 1084 1167 1143; x_wconf 86' lang='lat' dir='ltr'><strong>tale</strong></span> <span class='ocrx_word' id='word_1_92' title='bbox 1200 1083 1489 1143; x_wconf 89' lang='lat' dir='ltr'><strong>obiectum</strong></span> <span class='ocrx_word' id='word_1_93' title='bbox 1518 1084 1846 1156; x_wconf 83' lang='lat' dir='ltr'><strong>dormienti,</strong></span> <span class='ocrx_word' id='word_1_94' title='bbox 1871 1093 1937 1142; x_wconf 92' lang='lat' dir='ltr'><strong>ut</strong></span> <span class='ocrx_word' id='word_1_95' title='bbox 1964 1084 2043 1156; x_wconf 90' lang='lat' dir='ltr'><strong>id,</strong></span> 
     </span>
     <span class='ocr_line' id='line_1_14' title="bbox 365 1164 2039 1243; baseline 0.001 -23"><span class='ocrx_word' id='word_1_96' title='bbox 365 1164 521 1240; x_wconf 88' lang='lat' dir='ltr'><strong>quod</strong></span> <span class='ocrx_word' id='word_1_97' title='bbox 550 1165 756 1236; x_wconf 79' lang='lat' dir='ltr'><strong>evenit,</strong></span> <span class='ocrx_word' id='word_1_98' title='bbox 780 1171 1015 1222; x_wconf 88' lang='lat' dir='ltr'><strong>naturae</strong></span> <span class='ocrx_word' id='word_1_99' title='bbox 1042 1165 1144 1236; x_wconf 77' lang='lat' dir='ltr'><strong>viS,</strong></span> <span class='ocrx_word' id='word_1_100' title='bbox 1170 1184 1287 1223; x_wconf 92' lang='lat' dir='ltr'><strong>non</strong></span> <span class='ocrx_word' id='word_1_101' title='bbox 1316 1165 1515 1243; x_wconf 90' lang='lat' dir='ltr'><strong>opinio</strong></span> <span class='ocrx_word' id='word_1_102' title='bbox 1544 1166 1747 1223; x_wconf 87' lang='lat' dir='ltr'><strong>erroris</strong></span> <span class='ocrx_word' id='word_1_103' title='bbox 1775 1165 2039 1223; x_wconf 84' lang='lat' dir='ltr'><strong>effecerit.</strong></span> 
     </span>
     <span class='ocr_line' id='line_1_15' title="bbox 365 1243 2045 1323; baseline 0 -21"><span class='ocrx_word' id='word_1_104' title='bbox 365 1243 524 1312; x_wconf 83' lang='lat' dir='ltr'><strong>Quae</strong></span> <span class='ocrx_word' id='word_1_105' title='bbox 552 1244 729 1321; x_wconf 85' lang='lat' dir='ltr'><strong>igitur</strong></span> <span class='ocrx_word' id='word_1_106' title='bbox 755 1252 958 1302; x_wconf 91' lang='lat' dir='ltr'><strong>natura</strong></span> <span class='ocrx_word' id='word_1_107' title='bbox 985 1243 1199 1303; x_wconf 86' lang='lat' dir='ltr'><strong>obtulit</strong></span> <span class='ocrx_word' id='word_1_108' title='bbox 1224 1245 1380 1304; x_wconf 90' lang='lat' dir='ltr'><strong>illam</strong></span> <span class='ocrx_word' id='word_1_109' title='bbox 1410 1246 1659 1323; x_wconf 89' lang='lat' dir='ltr'><strong>speciem</strong></span> <span class='ocrx_word' id='word_1_110' title='bbox 1688 1245 1991 1316; x_wconf 85' lang='lat' dir='ltr'><strong>Simonidi,</strong></span> <span class='ocrx_word' id='word_1_111' title='bbox 2010 1265 2045 1302; x_wconf 87' lang='lat' dir='ltr'><strong>a</strong></span> 
     </span>
     <span class='ocr_line' id='line_1_16' title="bbox 366 1324 2043 1402; baseline 0.001 -21"><span class='ocrx_word' id='word_1_112' title='bbox 366 1343 480 1400; x_wconf 89' lang='lat' dir='ltr'><strong>qua</strong></span> <span class='ocrx_word' id='word_1_113' title='bbox 506 1330 790 1382; x_wconf 84' lang='lat' dir='ltr'><strong>vetaretur</strong></span> <span class='ocrx_word' id='word_1_114' title='bbox 817 1324 1113 1401; x_wconf 66' lang='lat' dir='ltr'><strong>navigare?</strong></span> <span class='ocrx_word' id='word_1_115' title='bbox 1154 1332 1255 1382; x_wconf 89' lang='lat' dir='ltr'><strong>aut</strong></span> <span class='ocrx_word' id='word_1_116' title='bbox 1283 1324 1423 1402; x_wconf 89' lang='lat' dir='ltr'><strong>quid</strong></span> <span class='ocrx_word' id='word_1_117' title='bbox 1451 1334 1685 1384; x_wconf 89' lang='lat' dir='ltr'><strong>naturae</strong></span> <span class='ocrx_word' id='word_1_118' title='bbox 1712 1325 2043 1402; x_wconf 89' lang='lat' dir='ltr'><strong>copulatum</strong></span> 
     </span>
     <span class='ocr_line' id='line_1_17' title="bbox 365 1402 2044 1482; baseline 0.001 -22"><span class='ocrx_word' id='word_1_119' title='bbox 365 1402 567 1461; x_wconf 89' lang='lat' dir='ltr'><strong>habuit</strong></span> <span class='ocrx_word' id='word_1_120' title='bbox 593 1404 911 1462; x_wconf 90' lang='lat' dir='ltr'><strong>Alcibiadis</strong></span> <span class='ocrx_word' id='word_1_121' title='bbox 939 1405 1097 1481; x_wconf 90' lang='lat' dir='ltr'><strong>quod</strong></span> <span class='ocrx_word' id='word_1_122' title='bbox 1125 1404 1391 1462; x_wconf 86' lang='lat' dir='ltr'><strong>scribitur</strong></span> <span class='ocrx_word' id='word_1_123' title='bbox 1418 1405 1739 1462; x_wconf 68' lang='lat' dir='ltr'><strong>somnium?</strong></span> <span class='ocrx_word' id='word_1_124' title='bbox 1781 1405 1880 1482; x_wconf 88' lang='lat' dir='ltr'><strong>qui</strong></span> <span class='ocrx_word' id='word_1_125' title='bbox 1908 1424 2044 1481; x_wconf 91' lang='lat' dir='ltr'><strong>pau-</strong></span> 
     </span>
     <span class='ocr_line' id='line_1_18' title="bbox 363 1483 2042 1542; baseline 0.001 -2"><span class='ocrx_word' id='word_1_126' title='bbox 363 1483 422 1540; x_wconf 96' lang='lat' dir='ltr'><strong>lo</strong></span> <span class='ocrx_word' id='word_1_127' title='bbox 463 1492 594 1542; x_wconf 89' lang='lat' dir='ltr'><strong>ante</strong></span> <span class='ocrx_word' id='word_1_128' title='bbox 634 1484 932 1542; x_wconf 87' lang='lat' dir='ltr'><strong>interitum</strong></span> <span class='ocrx_word' id='word_1_129' title='bbox 973 1484 1129 1542; x_wconf 88' lang='lat' dir='ltr'><strong>visus</strong></span> <span class='ocrx_word' id='word_1_130' title='bbox 1169 1492 1255 1542; x_wconf 91' lang='lat' dir='ltr'><strong>est</strong></span> <span class='ocrx_word' id='word_1_131' title='bbox 1297 1485 1357 1542; x_wconf 89' lang='lat' dir='ltr'><strong>in</strong></span> <span class='ocrx_word' id='word_1_132' title='bbox 1403 1484 1621 1542; x_wconf 88' lang='lat' dir='ltr'><strong>somnis</strong></span> <span class='ocrx_word' id='word_1_133' title='bbox 1662 1483 1879 1542; x_wconf 88' lang='lat' dir='ltr'><strong>amicae</strong></span> <span class='ocrx_word' id='word_1_134' title='bbox 1922 1503 2042 1542; x_wconf 88' lang='lat' dir='ltr'><strong>esse</strong></span> 
     </span>
     <span class='ocr_line' id='line_1_19' title="bbox 363 1562 2042 1642; baseline 0 -22"><span class='ocrx_word' id='word_1_135' title='bbox 363 1564 606 1621; x_wconf 85' lang='lat' dir='ltr'><strong>amictus</strong></span> <span class='ocrx_word' id='word_1_136' title='bbox 631 1563 894 1622; x_wconf 88' lang='lat' dir='ltr'><strong>amiculo.</strong></span> <span class='ocrx_word' id='word_1_137' title='bbox 980 1563 1039 1622; x_wconf 91' lang='lat' dir='ltr'><strong>Is</strong></span> <span class='ocrx_word' id='word_1_138' title='bbox 1067 1583 1199 1622; x_wconf 87' lang='lat' dir='ltr'><strong>eum</strong></span> <span class='ocrx_word' id='word_1_139' title='bbox 1227 1570 1376 1622; x_wconf 89' lang='lat' dir='ltr'><strong>esset</strong></span> <span class='ocrx_word' id='word_1_140' title='bbox 1401 1564 1689 1642; x_wconf 88' lang='lat' dir='ltr'><strong>proiectus</strong></span> <span class='ocrx_word' id='word_1_141' title='bbox 1709 1562 2042 1622; x_wconf 88' lang='lat' dir='ltr'><strong>inhumatus</strong></span> 
     </span>
     <span class='ocr_line' id='line_1_20' title="bbox 364 1642 2043 1721; baseline -0.001 -20"><span class='ocrx_word' id='word_1_142' title='bbox 364 1642 436 1701; x_wconf 85' lang='lat' dir='ltr'><strong>ab</strong></span> <span class='ocrx_word' id='word_1_143' title='bbox 478 1644 858 1721; x_wconf 90' lang='lat' dir='ltr'><strong>omnibusque</strong></span> <span class='ocrx_word' id='word_1_144' title='bbox 899 1643 1157 1702; x_wconf 85' lang='lat' dir='ltr'><strong>desertus</strong></span> <span class='ocrx_word' id='word_1_145' title='bbox 1196 1644 1419 1715; x_wconf 89' lang='lat' dir='ltr'><strong>iaceret,</strong></span> <span class='ocrx_word' id='word_1_146' title='bbox 1451 1644 1635 1702; x_wconf 89' lang='lat' dir='ltr'><strong>amica</strong></span> <span class='ocrx_word' id='word_1_147' title='bbox 1674 1663 1880 1720; x_wconf 89' lang='lat' dir='ltr'><strong>corpus</strong></span> <span class='ocrx_word' id='word_1_148' title='bbox 1920 1643 2043 1701; x_wconf 87' lang='lat' dir='ltr'><strong>eius</strong></span> 
     </span>
     <span class='ocr_line' id='line_1_21' title="bbox 363 1723 2042 1803; baseline 0.001 -22"><span class='ocrx_word' id='word_1_149' title='bbox 363 1723 510 1782; x_wconf 88' lang='lat' dir='ltr'><strong>texit</strong></span> <span class='ocrx_word' id='word_1_150' title='bbox 537 1743 640 1782; x_wconf 89' lang='lat' dir='ltr'><strong>suo</strong></span> <span class='ocrx_word' id='word_1_151' title='bbox 667 1723 858 1803; x_wconf 78' lang='lat' dir='ltr'><strong>pallio,</strong></span> <span class='ocrx_word' id='word_1_152' title='bbox 935 1723 1090 1803; x_wconf 90' lang='lat' dir='ltr'><strong>Ergo</strong></span> <span class='ocrx_word' id='word_1_153' title='bbox 1120 1724 1231 1784; x_wconf 93' lang='lat' dir='ltr'><strong>hoc</strong></span> <span class='ocrx_word' id='word_1_154' title='bbox 1258 1726 1441 1783; x_wconf 90' lang='lat' dir='ltr'><strong>inerat</strong></span> <span class='ocrx_word' id='word_1_155' title='bbox 1460 1724 1521 1783; x_wconf 88' lang='lat' dir='ltr'><strong>in</strong></span> <span class='ocrx_word' id='word_1_156' title='bbox 1550 1723 1717 1783; x_wconf 84' lang='lat' dir='ltr'><strong>rebus</strong></span> <span class='ocrx_word' id='word_1_157' title='bbox 1743 1723 1956 1782; x_wconf 85' lang='lat' dir='ltr'><strong>futuris</strong></span> <span class='ocrx_word' id='word_1_158' title='bbox 1982 1730 2042 1783; x_wconf 88' lang='lat' dir='ltr'><strong>et</strong></span> 
     </span>
     <span class='ocr_line' id='line_1_22' title="bbox 363 1804 2043 1865; baseline 0 -3"><span class='ocrx_word' id='word_1_159' title='bbox 363 1822 561 1862; x_wconf 85' lang='lat' dir='ltr'><strong>causas</strong></span> <span class='ocrx_word' id='word_1_160' title='bbox 601 1804 885 1862; x_wconf 84' lang='lat' dir='ltr'><strong>naturales</strong></span> <span class='ocrx_word' id='word_1_161' title='bbox 929 1804 1213 1865; x_wconf 71' lang='lat' dir='ltr'><strong>habebat?</strong></span> <span class='ocrx_word' id='word_1_162' title='bbox 1254 1824 1328 1863; x_wconf 90' lang='lat' dir='ltr'><strong>an</strong></span> <span class='ocrx_word' id='word_1_163' title='bbox 1374 1812 1431 1863; x_wconf 90' lang='lat' dir='ltr'><strong>et</strong></span> <span class='ocrx_word' id='word_1_164' title='bbox 1468 1812 1535 1862; x_wconf 92' lang='lat' dir='ltr'><strong>ut</strong></span> <span class='ocrx_word' id='word_1_165' title='bbox 1565 1804 1853 1862; x_wconf 87' lang='lat' dir='ltr'><strong>videretur</strong></span> <span class='ocrx_word' id='word_1_166' title='bbox 1884 1810 1945 1862; x_wconf 88' lang='lat' dir='ltr'><strong>et</strong></span> <span class='ocrx_word' id='word_1_167' title='bbox 1976 1812 2043 1862; x_wconf 91' lang='lat' dir='ltr'><strong>ut</strong></span> 
     </span>
     <span class='ocr_line' id='line_1_23' title="bbox 363 1884 1054 1942; baseline 0.001 -1"><span class='ocrx_word' id='word_1_168' title='bbox 363 1884 617 1942; x_wconf 82' lang='lat' dir='ltr'><strong>eveniret</strong></span> <span class='ocrx_word' id='word_1_169' title='bbox 642 1904 804 1942; x_wconf 88' lang='lat' dir='ltr'><strong>casus</strong></span> <span class='ocrx_word' id='word_1_170' title='bbox 831 1885 1054 1942; x_wconf 67' lang='lat' dir='ltr'><strong>effecit?</strong></span> 
     </span>
    </p>

    <p class='ocr_par' dir='ltr' id='par_1_3' title="bbox 359 1963 2043 3236">
     <span class='ocr_line' id='line_1_24' title="bbox 444 1963 2043 2041; baseline 0.001 -21"><span class='ocrx_word' id='word_1_171' title='bbox 444 1963 628 2022; x_wconf 90' lang='lat' dir='ltr'>LXX.</span> <span class='ocrx_word' id='word_1_172' title='bbox 716 1969 846 2021; x_wconf 89' lang='lat'>144.</span> <span class='ocrx_word' id='word_1_173' title='bbox 892 1964 1083 2032; x_wconf 63' lang='lat' dir='ltr'><strong>Quid?</strong></span> <span class='ocrx_word' id='word_1_174' title='bbox 1123 1964 1379 2041; x_wconf 88' lang='lat' dir='ltr'><strong>ipsorum</strong></span> <span class='ocrx_word' id='word_1_175' title='bbox 1414 1963 1791 2041; x_wconf 83' lang='lat' dir='ltr'><strong>interpretum</strong></span> <span class='ocrx_word' id='word_1_176' title='bbox 1824 1964 2043 2022; x_wconf 88' lang='lat' dir='ltr'><strong>coniec-</strong></span> 
     </span>
     <span class='ocr_line' id='line_1_25' title="bbox 361 2043 2042 2121; baseline 0 -20"><span class='ocrx_word' id='word_1_177' title='bbox 361 2049 522 2102; x_wconf 89' lang='lat' dir='ltr'><strong>turae</strong></span> <span class='ocrx_word' id='word_1_178' title='bbox 565 2062 757 2101; x_wconf 91' lang='lat' dir='ltr'><strong>nonne</strong></span> <span class='ocrx_word' id='word_1_179' title='bbox 797 2045 982 2121; x_wconf 87' lang='lat' dir='ltr'><strong>magis</strong></span> <span class='ocrx_word' id='word_1_180' title='bbox 1021 2044 1255 2121; x_wconf 85' lang='lat' dir='ltr'><strong>ingenia</strong></span> <span class='ocrx_word' id='word_1_181' title='bbox 1300 2043 1589 2102; x_wconf 87' lang='lat' dir='ltr'><strong>declarant</strong></span> <span class='ocrx_word' id='word_1_182' title='bbox 1628 2063 1825 2101; x_wconf 85' lang='lat' dir='ltr'><strong>eorum</strong></span> <span class='ocrx_word' id='word_1_183' title='bbox 1868 2063 2042 2121; x_wconf 87' lang='lat' dir='ltr'><strong>quam</strong></span> 
     </span>
     <span class='ocr_line' id='line_1_26' title="bbox 362 2123 2043 2201; baseline 0 -20"><span class='ocrx_word' id='word_1_184' title='bbox 362 2123 480 2181; x_wconf 86' lang='lat' dir='ltr'><strong>vim</strong></span> <span class='ocrx_word' id='word_1_185' title='bbox 529 2142 980 2201; x_wconf 85' lang='lat' dir='ltr'><strong>consensumque</strong></span> <span class='ocrx_word' id='word_1_186' title='bbox 1028 2126 1301 2185; x_wconf 62' lang='lat' dir='ltr'><strong>naturae?</strong></span> <span class='ocrx_word' id='word_1_187' title='bbox 1388 2124 1601 2183; x_wconf 86' lang='lat' dir='ltr'><strong>Cursor</strong></span> <span class='ocrx_word' id='word_1_188' title='bbox 1648 2123 1721 2181; x_wconf 89' lang='lat' dir='ltr'><strong>ad</strong></span> <span class='ocrx_word' id='word_1_189' title='bbox 1768 2123 2043 2201; x_wconf 90' lang='lat' dir='ltr'><strong>Olympia</strong></span> 
     </span>
     <span class='ocr_line' id='line_1_27' title="bbox 361 2202 2042 2281; baseline 0.001 -21"><span class='ocrx_word' id='word_1_190' title='bbox 361 2202 646 2280; x_wconf 82' lang='lat' dir='ltr'><strong>proficisci</strong></span> <span class='ocrx_word' id='word_1_191' title='bbox 678 2204 939 2280; x_wconf 86' lang='lat' dir='ltr'><strong>cogitans</strong></span> <span class='ocrx_word' id='word_1_192' title='bbox 971 2204 1125 2261; x_wconf 87' lang='lat' dir='ltr'><strong>visus</strong></span> <span class='ocrx_word' id='word_1_193' title='bbox 1158 2211 1245 2261; x_wconf 90' lang='lat' dir='ltr'><strong>est</strong></span> <span class='ocrx_word' id='word_1_194' title='bbox 1276 2207 1337 2261; x_wconf 94' lang='lat' dir='ltr'><strong>in</strong></span> <span class='ocrx_word' id='word_1_195' title='bbox 1372 2204 1589 2262; x_wconf 87' lang='lat' dir='ltr'><strong>somnis</strong></span> <span class='ocrx_word' id='word_1_196' title='bbox 1622 2223 1785 2263; x_wconf 89' lang='lat' dir='ltr'><strong>curru</strong></span> <span class='ocrx_word' id='word_1_197' title='bbox 1818 2204 2042 2281; x_wconf 90' lang='lat' dir='ltr'><strong>quadri-</strong></span> 
     </span>
     <span class='ocr_line' id='line_1_28' title="bbox 361 2282 2042 2360; baseline -0.001 -19"><span class='ocrx_word' id='word_1_198' title='bbox 361 2302 560 2360; x_wconf 87' lang='lat' dir='ltr'><strong>garum</strong></span> <span class='ocrx_word' id='word_1_199' title='bbox 596 2282 742 2340; x_wconf 87' lang='lat' dir='ltr'><strong>vehi.</strong></span> <span class='ocrx_word' id='word_1_200' title='bbox 828 2282 996 2341; x_wconf 91' lang='lat' dir='ltr'><strong>Mane</strong></span> <span class='ocrx_word' id='word_1_201' title='bbox 1030 2284 1106 2341; x_wconf 84' lang='lat' dir='ltr'><strong>ad</strong></span> <span class='ocrx_word' id='word_1_202' title='bbox 1137 2284 1535 2343; x_wconf 86' lang='lat' dir='ltr'><strong>coniectorem.</strong></span> <span class='ocrx_word' id='word_1_203' title='bbox 1618 2284 1704 2342; x_wconf 90' lang='lat' dir='ltr'><strong>At</strong></span> <span class='ocrx_word' id='word_1_204' title='bbox 1734 2284 1861 2342; x_wconf 89' lang='lat' dir='ltr'><strong>ille:</strong></span> <span class='ocrx_word' id='word_1_205' title='bbox 1898 2284 2042 2343; x_wconf 85' lang='lat' dir='ltr'><strong>Vin-</strong></span> 
     </span>
     <span class='ocr_line' id='line_1_29' title="bbox 361 2362 2042 2441; baseline 0.001 -22"><span class='ocrx_word' id='word_1_206' title='bbox 361 2382 471 2433; x_wconf 90' lang='lat' dir='ltr'><strong>ces,</strong></span> <span class='ocrx_word' id='word_1_207' title='bbox 495 2362 701 2439; x_wconf 90' lang='lat' dir='ltr'><strong>inquit.</strong></span> <span class='ocrx_word' id='word_1_208' title='bbox 786 2363 856 2419; x_wconf 91' lang='lat' dir='ltr'><strong>Id</strong></span> <span class='ocrx_word' id='word_1_209' title='bbox 889 2364 1042 2421; x_wconf 88' lang='lat' dir='ltr'><strong>enim</strong></span> <span class='ocrx_word' id='word_1_210' title='bbox 1077 2363 1333 2423; x_wconf 85' lang='lat' dir='ltr'><strong>celeritas</strong></span> <span class='ocrx_word' id='word_1_211' title='bbox 1361 2363 1647 2441; x_wconf 89' lang='lat' dir='ltr'><strong>significat</strong></span> <span class='ocrx_word' id='word_1_212' title='bbox 1674 2371 1732 2422; x_wconf 88' lang='lat' dir='ltr'><strong>et</strong></span> <span class='ocrx_word' id='word_1_213' title='bbox 1759 2365 1845 2423; x_wconf 86' lang='lat' dir='ltr'><strong>vis</strong></span> <span class='ocrx_word' id='word_1_214' title='bbox 1871 2382 2042 2441; x_wconf 86' lang='lat' dir='ltr'><strong>equo-</strong></span> 
     </span>
     <span class='ocr_line' id='line_1_30' title="bbox 361 2442 2040 2520; baseline 0 -21"><span class='ocrx_word' id='word_1_215' title='bbox 361 2461 506 2500; x_wconf 87' lang='lat' dir='ltr'><strong>rum.</strong></span> <span class='ocrx_word' id='word_1_216' title='bbox 582 2442 726 2500; x_wconf 89' lang='lat' dir='ltr'><strong>Post</strong></span> <span class='ocrx_word' id='word_1_217' title='bbox 755 2442 904 2499; x_wconf 90' lang='lat' dir='ltr'><strong>idem</strong></span> <span class='ocrx_word' id='word_1_218' title='bbox 937 2443 1011 2501; x_wconf 84' lang='lat' dir='ltr'><strong>ad</strong></span> <span class='ocrx_word' id='word_1_219' title='bbox 1037 2442 1494 2520; x_wconf 60' lang='lat' dir='ltr'><strong>Antiphontem:</strong></span> <span class='ocrx_word' id='word_1_220' title='bbox 1558 2443 1617 2501; x_wconf 90' lang='lat' dir='ltr'><strong>Is</strong></span> <span class='ocrx_word' id='word_1_221' title='bbox 1635 2451 1862 2508; x_wconf 82' lang='lat' dir='ltr'><strong>autem:</strong></span> <span class='ocrx_word' id='word_1_222' title='bbox 1898 2444 2040 2502; x_wconf 92' lang='lat' dir='ltr'><strong>Vin-</strong></span> 
     </span>
     <span class='ocr_line' id='line_1_31' title="bbox 361 2522 2041 2600; baseline 0 -21"><span class='ocrx_word' id='word_1_223' title='bbox 361 2541 503 2594; x_wconf 88' lang='lat' dir='ltr'><strong>care‚</strong></span> <span class='ocrx_word' id='word_1_224' title='bbox 528 2522 733 2600; x_wconf 88' lang='lat' dir='ltr'><strong>inquit,</strong></span> <span class='ocrx_word' id='word_1_225' title='bbox 758 2542 983 2580; x_wconf 88' lang='lat' dir='ltr'><strong>necesse</strong></span> <span class='ocrx_word' id='word_1_226' title='bbox 1011 2531 1113 2580; x_wconf 90' lang='lat' dir='ltr'><strong>est.</strong></span> <span class='ocrx_word' id='word_1_227' title='bbox 1200 2522 1296 2580; x_wconf 89' lang='lat' dir='ltr'><strong>An</strong></span> <span class='ocrx_word' id='word_1_228' title='bbox 1324 2542 1442 2579; x_wconf 90' lang='lat' dir='ltr'><strong>non</strong></span> <span class='ocrx_word' id='word_1_229' title='bbox 1464 2523 1748 2599; x_wconf 85' lang='lat' dir='ltr'><strong>intellegis</strong></span> <span class='ocrx_word' id='word_1_230' title='bbox 1770 2529 2041 2600; x_wconf 87' lang='lat' dir='ltr'><strong>quattuor</strong></span> 
     </span>
     <span class='ocr_line' id='line_1_32' title="bbox 361 2602 2040 2679; baseline -0.001 -20"><span class='ocrx_word' id='word_1_231' title='bbox 361 2609 494 2659; x_wconf 87' lang='lat' dir='ltr'><strong>ante</strong></span> <span class='ocrx_word' id='word_1_232' title='bbox 523 2609 580 2660; x_wconf 87' lang='lat' dir='ltr'><strong>te</strong></span> <span class='ocrx_word' id='word_1_233' title='bbox 608 2603 953 2660; x_wconf 67' lang='lat' dir='ltr'><strong>cucurrisse?</strong></span> <span class='ocrx_word' id='word_1_234' title='bbox 1033 2602 1181 2659; x_wconf 93' lang='lat' dir='ltr'><strong>Ecce</strong></span> <span class='ocrx_word' id='word_1_235' title='bbox 1202 2602 1345 2660; x_wconf 88' lang='lat' dir='ltr'><strong>alius</strong></span> <span class='ocrx_word' id='word_1_236' title='bbox 1366 2609 1811 2679; x_wconf 86' lang='lat' dir='ltr'><strong>cursor—atque</strong></span> <span class='ocrx_word' id='word_1_237' title='bbox 1832 2602 2040 2659; x_wconf 89' lang='lat' dir='ltr'><strong>horum</strong></span> 
     </span>
     <span class='ocr_line' id='line_1_33' title="bbox 361 2680 2042 2759; baseline 0 -22"><span class='ocrx_word' id='word_1_238' title='bbox 361 2684 716 2739; x_wconf 88' lang='lat' dir='ltr'><strong>somniorum</strong></span> <span class='ocrx_word' id='word_1_239' title='bbox 745 2689 804 2739; x_wconf 89' lang='lat' dir='ltr'><strong>et</strong></span> <span class='ocrx_word' id='word_1_240' title='bbox 830 2680 1029 2739; x_wconf 88' lang='lat' dir='ltr'><strong>talium</strong></span> <span class='ocrx_word' id='word_1_241' title='bbox 1062 2681 1261 2759; x_wconf 89' lang='lat' dir='ltr'><strong>plenus</strong></span> <span class='ocrx_word' id='word_1_242' title='bbox 1290 2688 1377 2739; x_wconf 85' lang='lat' dir='ltr'><strong>cst</strong></span> <span class='ocrx_word' id='word_1_243' title='bbox 1404 2680 1717 2757; x_wconf 84' lang='lat' dir='ltr'><strong>Chrysippi</strong></span> <span class='ocrx_word' id='word_1_244' title='bbox 1745 2680 1901 2752; x_wconf 90' lang='lat' dir='ltr'><strong>liber,</strong></span> <span class='ocrx_word' id='word_1_245' title='bbox 1926 2682 2042 2757; x_wconf 90' lang='lat' dir='ltr'><strong>ple-</strong></span> 
     </span>
     <span class='ocr_line' id='line_1_34' title="bbox 359 2760 2042 2838; baseline 0.001 -21"><span class='ocrx_word' id='word_1_246' title='bbox 359 2780 470 2817; x_wconf 91' lang='lat' dir='ltr'><strong>nus</strong></span> <span class='ocrx_word' id='word_1_247' title='bbox 502 2761 830 2838; x_wconf 89' lang='lat' dir='ltr'><strong>Antipatri:</strong></span> <span class='ocrx_word' id='word_1_248' title='bbox 875 2762 976 2819; x_wconf 90' lang='lat' dir='ltr'><strong>sed</strong></span> <span class='ocrx_word' id='word_1_249' title='bbox 1001 2761 1074 2819; x_wconf 89' lang='lat' dir='ltr'><strong>ad</strong></span> <span class='ocrx_word' id='word_1_250' title='bbox 1104 2780 1389 2819; x_wconf 89' lang='lat' dir='ltr'><strong>cursorem</strong></span> <span class='ocrx_word' id='word_1_251' title='bbox 1422 2760 1627 2819; x_wconf 89' lang='lat' dir='ltr'><strong>redeo:</strong></span> <span class='ocrx_word' id='word_1_252' title='bbox 1670 2760 1743 2817; x_wconf 90' lang='lat' dir='ltr'><strong>ad</strong></span> <span class='ocrx_word' id='word_1_253' title='bbox 1772 2761 2042 2837; x_wconf 91' lang='lat' dir='ltr'><strong>interpre-</strong></span> 
     </span>
     <span class='ocr_line' id='line_1_35' title="bbox 359 2839 2036 2918; baseline 0.001 -21"><span class='ocrx_word' id='word_1_254' title='bbox 359 2846 480 2897; x_wconf 86' lang='lat' dir='ltr'><strong>tem</strong></span> <span class='ocrx_word' id='word_1_255' title='bbox 510 2840 716 2898; x_wconf 88' lang='lat' dir='ltr'><strong>detulit</strong></span> <span class='ocrx_word' id='word_1_256' title='bbox 743 2841 990 2918; x_wconf 85' lang='lat' dir='ltr'><strong>aquilam</strong></span> <span class='ocrx_word' id='word_1_257' title='bbox 1019 2861 1080 2899; x_wconf 89' lang='lat' dir='ltr'><strong>se</strong></span> <span class='ocrx_word' id='word_1_258' title='bbox 1106 2842 1166 2898; x_wconf 90' lang='lat' dir='ltr'><strong>in</strong></span> <span class='ocrx_word' id='word_1_259' title='bbox 1195 2841 1411 2898; x_wconf 89' lang='lat' dir='ltr'><strong>somnis</strong></span> <span class='ocrx_word' id='word_1_260' title='bbox 1442 2841 1625 2897; x_wconf 88' lang='lat' dir='ltr'><strong>visum</strong></span> <span class='ocrx_word' id='word_1_261' title='bbox 1654 2859 1773 2897; x_wconf 90' lang='lat' dir='ltr'><strong>esse</strong></span> <span class='ocrx_word' id='word_1_262' title='bbox 1800 2839 2036 2898; x_wconf 87' lang='lat' dir='ltr'><strong>factum.</strong></span> 
     </span>
     <span class='ocr_line' id='line_1_36' title="bbox 361 2919 2042 2979; baseline -0.001 -2"><span class='ocrx_word' id='word_1_263' title='bbox 361 2919 447 2977; x_wconf 93' lang='lat' dir='ltr'><strong>At</strong></span> <span class='ocrx_word' id='word_1_264' title='bbox 473 2919 600 2978; x_wconf 90' lang='lat' dir='ltr'><strong>ille:</strong></span> <span class='ocrx_word' id='word_1_265' title='bbox 634 2920 862 2979; x_wconf 76' lang='lat' dir='ltr'><strong>vicisti.</strong></span> <span class='ocrx_word' id='word_1_266' title='bbox 939 2920 1060 2978; x_wconf 89' lang='lat' dir='ltr'><strong>Ista</strong></span> <span class='ocrx_word' id='word_1_267' title='bbox 1085 2921 1237 2977; x_wconf 90' lang='lat' dir='ltr'><strong>enim</strong></span> <span class='ocrx_word' id='word_1_268' title='bbox 1268 2921 1359 2977; x_wconf 89' lang='lat' dir='ltr'><strong>avi</strong></span> <span class='ocrx_word' id='word_1_269' title='bbox 1387 2919 1542 2979; x_wconf 83' lang='lat' dir='ltr'><strong>volat</strong></span> <span class='ocrx_word' id='word_1_270' title='bbox 1568 2919 1724 2977; x_wconf 89' lang='lat' dir='ltr'><strong>nulla</strong></span> <span class='ocrx_word' id='word_1_271' title='bbox 1744 2919 2042 2977; x_wconf 87' lang='lat' dir='ltr'><strong>vehemen-</strong></span> 
     </span>
     <span class='ocr_line' id='line_1_37' title="bbox 359 2998 2040 3077; baseline -0.001 -21"><span class='ocrx_word' id='word_1_272' title='bbox 359 3000 492 3057; x_wconf 81' lang='lat' dir='ltr'><strong>tius.</strong></span> <span class='ocrx_word' id='word_1_273' title='bbox 577 3000 733 3058; x_wconf 89' lang='lat' dir='ltr'><strong>Huic</strong></span> <span class='ocrx_word' id='word_1_274' title='bbox 762 3000 993 3077; x_wconf 88' lang='lat' dir='ltr'><strong>quidem</strong></span> <span class='ocrx_word' id='word_1_275' title='bbox 1022 3000 1363 3077; x_wconf 86' lang='lat' dir='ltr'><strong>Antiphon:</strong></span> <span class='ocrx_word' id='word_1_276' title='bbox 1398 2998 1569 3070; x_wconf 89' lang='lat' dir='ltr'><strong>Baro,</strong></span> <span class='ocrx_word' id='word_1_277' title='bbox 1595 2999 1799 3076; x_wconf 89' lang='lat' dir='ltr'><strong>inquit,</strong></span> <span class='ocrx_word' id='word_1_278' title='bbox 1824 2998 2040 3055; x_wconf 87' lang='lat' dir='ltr'><strong>victum</strong></span> 
     </span>
     <span class='ocr_line' id='line_1_38' title="bbox 361 3078 2041 3137; baseline -0.001 0"><span class='ocrx_word' id='word_1_279' title='bbox 361 3084 420 3136; x_wconf 87' lang='lat' dir='ltr'><strong>te</strong></span> <span class='ocrx_word' id='word_1_280' title='bbox 461 3098 582 3137; x_wconf 88' lang='lat' dir='ltr'><strong>esse</strong></span> <span class='ocrx_word' id='word_1_281' title='bbox 623 3099 740 3136; x_wconf 88' lang='lat' dir='ltr'><strong>non</strong></span> <span class='ocrx_word' id='word_1_282' title='bbox 783 3079 976 3136; x_wconf 68' lang='lat' dir='ltr'><strong>vides?</strong></span> <span class='ocrx_word' id='word_1_283' title='bbox 1055 3079 1177 3137; x_wconf 92' lang='lat' dir='ltr'><strong>Ista</strong></span> <span class='ocrx_word' id='word_1_284' title='bbox 1216 3080 1372 3137; x_wconf 88' lang='lat' dir='ltr'><strong>enim</strong></span> <span class='ocrx_word' id='word_1_285' title='bbox 1412 3078 1533 3135; x_wconf 86' lang='lat' dir='ltr'><strong>avis</strong></span> <span class='ocrx_word' id='word_1_286' title='bbox 1574 3078 1861 3137; x_wconf 85' lang='lat' dir='ltr'><strong>insectans</strong></span> <span class='ocrx_word' id='word_1_287' title='bbox 1904 3078 2041 3135; x_wconf 86' lang='lat' dir='ltr'><strong>alias</strong></span> 
     </span>
     <span class='ocr_line' id='line_1_39' title="bbox 361 3158 2040 3236; baseline -0.001 -20"><span class='ocrx_word' id='word_1_288' title='bbox 361 3176 494 3217; x_wconf 87' lang='lat' dir='ltr'><strong>aves</strong></span> <span class='ocrx_word' id='word_1_289' title='bbox 521 3166 580 3217; x_wconf 90' lang='lat' dir='ltr'><strong>et</strong></span> <span class='ocrx_word' id='word_1_290' title='bbox 606 3160 830 3234; x_wconf 84' lang='lat' dir='ltr'><strong>agitans</strong></span> <span class='ocrx_word' id='word_1_291' title='bbox 857 3178 1079 3236; x_wconf 87' lang='lat' dir='ltr'><strong>semper</strong></span> <span class='ocrx_word' id='word_1_292' title='bbox 1106 3159 1232 3235; x_wconf 89' lang='lat' dir='ltr'><strong>ipsa</strong></span> <span class='ocrx_word' id='word_1_293' title='bbox 1258 3164 1547 3235; x_wconf 88' lang='lat' dir='ltr'><strong>postrema</strong></span> <span class='ocrx_word' id='word_1_294' title='bbox 1578 3164 1680 3216; x_wconf 88' lang='lat' dir='ltr'><strong>est.</strong></span> <span class='ocrx_word' id='word_1_295' title='bbox 1768 3163 1899 3217; x_wconf 86' lang='lat'>145.</span> <span class='ocrx_word' id='word_1_296' title='bbox 1937 3158 2040 3215; x_wconf 84' lang='lat' dir='ltr'><strong>Pa-</strong></span> 
     </span>
    </p>
   </div>
  </div>
 </body>
</html>
