2199 3546
224 160 322 208 210
753 156 850 203 DE
885 154 1385 207 DIVINATIONE.

225 264 319 318 39.
369 257 486 331 An,
509 274 642 315 cum
669 255 732 313 in
761 256 1224 335 Aequimaelium
1259 257 1521 314 misimus
1556 258 1654 335 qui
1688 257 1915 318 adferat

223 358 437 418 agnum
467 356 640 417 quem
666 336 1049 408 immolemus,
1066 338 1117 394 is
1137 336 1284 393 mihi
1306 356 1489 413 agnus
1518 336 1790 409 adfertur,
1814 339 1915 416 qui

223 420 397 477 habet
438 426 571 477 exta
609 417 779 476 rebus
820 416 1271 489 accommodata,
1308 424 1366 475 et
1406 417 1481 474 ad
1522 436 1654 474 eum
1695 436 1913 493 agnum

223 519 340 557 non
382 518 532 571 casu,
557 498 660 557 sed
699 497 844 556 duce
886 496 996 555 deo
1032 516 1225 555 servus
1258 496 1595 555 deducitur?
1676 497 1827 555 Nam
1862 499 1914 557 si

223 597 416 637 casum
449 580 511 637 in
544 599 614 638 eo
658 597 887 656 quoque
928 576 1074 635 dicis
1114 596 1233 635 esse
1278 578 1439 654 quasi
1482 583 1694 635 sortem
1738 596 1913 655 quam

222 658 356 719 dam
391 678 523 716 cum
558 659 796 716 deorum
828 657 1125 715 voluntate
1160 655 1541 729 coniunctam,
1579 657 1748 714 doleo
1789 664 1913 715 tan-

220 745 342 796 tam
385 737 612 799 Stoicos
651 744 879 795 nostros
912 736 1211 814 Epicureis
1242 736 1519 794 irridendi
1552 737 1641 794 sui
1674 737 1913 796 faculta-

220 826 340 875 tem
376 818 617 877 dedisse.
703 816 837 875 Non
881 818 1034 875 enim
1068 816 1299 894 ignoras
1335 835 1505 894 quam
1539 817 1651 874 ista
1693 817 1912 876 deride·

219 904 336 957 ant.
422 904 516 961 40.
574 898 652 957 Et
702 898 935 974 quidem
989 896 1074 954 illi
1130 896 1357 954 facilius
1412 897 1598 955 facere
1645 906 1907 975 possunt.

219 977 378 1034 Deos
407 978 560 1036 enim
588 978 747 1055 ipsos
776 976 1002 1035 iocandi
1031 996 1201 1035 causa
1226 976 1457 1034 induxit
1477 976 1758 1054 Epicurus
1786 996 1910 1056 per-

220 1058 442 1115 lucidos
484 1064 543 1115 et
584 1056 904 1133 perflabiles
945 1065 1004 1115 et
1046 1056 1373 1114 habit-antes
1412 1064 1709 1135 tamquam
1758 1058 1911 1116 inter

218 1137 366 1195 duos
403 1138 564 1195 lucos
605 1137 685 1193 sic
727 1137 877 1194 inter
917 1137 1064 1194 duos
1104 1136 1356 1195 mundos
1402 1145 1641 1215 propter
1684 1145 1906 1196 metum

217 1218 527 1287 ruinarum,
553 1234 762 1295 eosque
796 1215 1003 1274 habere
1036 1224 1207 1294 putat
1240 1217 1439 1275 eadem
1475 1216 1735 1275 membra
1762 1238 1907 1295 quae

218 1315 324 1354 nos
357 1316 462 1354 nec
491 1315 660 1353 usum
689 1295 865 1354 ullum
899 1296 1108 1354 habere
1134 1296 1542 1356 membrorum.
1628 1298 1783 1375 Ergo
1813 1298 1907 1358 hic

217 1376 552 1434 circuitione
583 1377 826 1454 quadam
858 1376 997 1434 dcos
1018 1377 1227 1437 tollens
1252 1384 1404 1435 recte
1428 1397 1543 1435 non
1574 1377 1803 1437 dubitat
1824 1379 1911 1436 di-

215 1456 571 1515 vinationem
614 1457 830 1515 tollere.
916 1454 1032 1515 Sed
1080 1476 1216 1528 non,
1254 1465 1319 1516 ut
1366 1457 1461 1515 hic
1505 1458 1616 1515 sibi
1661 1466 1903 1531 constat,

216 1536 358 1594 item
387 1536 586 1595 Stoici.
673 1536 836 1595 Illius
864 1536 1018 1595 enim
1049 1537 1191 1595 deus
1222 1537 1414 1594 “nihil
1440 1536 1655 1596 habens
1682 1558 1789 1597 nec
1818 1538 1908 1597 sui

215 1636 321 1674 nec
355 1617 526 1674 alieni
555 1618 774 1695 negotii
797 1617 832 1645 ''
868 1636 983 1674 non
1015 1624 1208 1695 potest
1237 1616 1569 1675 hominibus
1602 1618 1907 1677 divinatio-

215 1715 350 1756 nem
384 1697 692 1776 impertire.
777 1696 987 1756 Vester
1019 1703 1213 1755 autem
1248 1698 1391 1755 deus
1421 1704 1617 1777 potest
1648 1718 1766 1757 non
1800 1699 1907 1759 im÷

214 1778 443 1856 pertire,
466 1785 533 1836 ut
558 1777 742 1836 nihilo
770 1779 962 1836 minus
991 1778 1273 1837 mundum
1301 1789 1464 1856 regat
1492 1786 1550 1837 et
1571 1779 1907 1839 hominibus

216 1859 492 1917 consulat.
580 1864 674 1917 41.
721 1858 838 1917 Cur
865 1859 1045 1936 igitur
1072 1878 1175 1916 vos
1201 1859 1445 1916 induitis
1472 1859 1532 1916 in
1563 1879 1657 1917 eas
1688 1862 1906 1937 captio-

214 1957 332 2010 neS‚
360 1959 500 2016 quas
533 1957 848 2016 numquam
885 1939 1221 2016 explicetis?
1300 1938 1392 1996 Ita
1424 1939 1596 2010 enim,
1622 1959 1752 1998 cum
1789 1961 1906 2000 ma-

213 2019 304 2095 gis
352 2026 681 2097 properant,
713 2019 1051 2077 concludere
1101 2018 1320 2076 solent:
1366 2019 1401 2046 ‘⁴
1416 2017 1480 2076 Si
1530 2019 1590 2076 di
1636 2027 1785 2090 sunt,
1817 2028 1905 2079 cst

214 2099 531 2158 divinatio:
567 2105 703 2157 sunt
724 2106 915 2156 autem
947 2099 1037 2156 di:
1081 2106 1169 2156 est
1190 2117 1327 2175 ergo
1356 2098 1690 2157 divinati0.’'
1760 2100 1906 2158 Mul-

214 2185 277 2236 to
306 2187 394 2237 est
421 2178 811 2256 probabilius:
872 2180 907 2207 ‘⁴
927 2177 1059 2236 Non
1091 2187 1178 2238 est
1206 2185 1399 2237 autem
1429 2179 1745 2239 divinatio:
1781 2200 1902 2239 non

215 2266 348 2316 sunt
382 2278 519 2336 ergo
553 2258 672 2316 di.’'
754 2257 909 2316 Vide
952 2278 1124 2337 quam
1159 2265 1373 2316 temere
1416 2263 1784 2318 committant
1816 2269 1901 2332 ut,

215 2339 263 2395 si
298 2339 454 2396 nulla
485 2338 562 2395 sit
594 2337 891 2409 divinatio,
921 2337 1066 2397 nulli
1101 2339 1217 2396 sint
1250 2338 1327 2397 di.
1412 2339 1713 2398 Divinatio
1747 2341 1903 2398 enim

214 2418 511 2496 perspicue
540 2417 778 2487 tollitur,
803 2418 942 2475 deos
971 2437 1090 2476 esse
1120 2419 1485 2477 retinendum
1516 2426 1618 2477 est.

295 2496 548 2556 XVIIL’
610 2502 703 2556 42.
763 2497 958 2575 Atque
1000 2497 1107 2555 hac
1156 2499 1497 2576 extispicum
1548 2499 1904 2559 divinatione

214 2577 437 2635 sublata
465 2577 653 2634 omnis
674 2577 1038 2655 haruspicina
1065 2578 1288 2636 sublata
1316 2586 1418 2637 est.
1486 2577 1731 2638 Ostenta
1747 2580 1903 2638 enim

214 2663 532 2735 sequuntur
577 2664 636 2714 ct
682 2657 928 2735 fulgura.
1013 2658 1187 2717 Valet
1231 2665 1422 2716 autem
1468 2659 1530 2716 in
1574 2657 1905 2738 fulguribus

215 2735 536 2795 observatio
567 2737 852 2816 diuturna,
878 2739 938 2795 in
969 2738 1209 2795 ostentis
1236 2739 1384 2796 ratio
1405 2739 1741 2817 plerumque
1770 2759 1903 2797 con-

212 2817 540 2894 iecturaque
583 2817 902 2876 adhibetur.
989 2817 1145 2886 Quid
1187 2825 1273 2876 est
1308 2819 1490 2896 igitur
1523 2821 1680 2897 quod
1714 2818 1904 2877 obser-

213 2905 407 2955 vatum
443 2898 519 2955 sit
547 2898 604 2954 in
634 2897 900 2974 fulgure?
981 2897 1218 2956 Caelum
1247 2899 1309 2955 in
1338 2918 1446 2956 xm
1475 2907 1665 2976 partes
1697 2899 1903 2958 divise-

217 2987 346 3032 runt
381 2977 621 3034 Etrusci.
709 2977 894 3035 Facile
927 2977 989 3035 id
1024 2978 1257 3055 quidem
1291 2979 1422 3050 fuit,
1446 2985 1733 3056 quattuor,
1758 2999 1901 3057 quas

215 3074 319 3112 nos
349 3056 639 3126 habemuS,
661 3057 984 3135 duplicare:
1026 3066 1161 3134 post
1182 3057 1336 3115 idem
1366 3059 1575 3116 iterum
1604 3059 1807 3130 facere,
1832 3067 1901 3118 ut

215 3152 282 3189 ex
319 3155 386 3191 co
421 3136 676 3193 dicerent
711 3137 930 3194 fulmen
967 3157 1079 3216 qua
1122 3157 1189 3195 ex
1221 3143 1384 3213 parte
1425 3139 1688 3197 venisset.
1774 3139 1899 3197 Pri-

278 3233 373 3270 um
403 3214 463 3271 id
487 3216 626 3290 quid
653 3215 927 3274 interest?
961 3217 1169 3274 deinde
1193 3218 1331 3293 quid
1354 3217 1676 3292 significat?
1740 3218 1799 3277 N
1802 3239 1901 3277 on·
