2199 3546
536 158 798 220 LIB.11.,
826 158 983 209 CAP.
1013 148 1509 221 xxm—XXVIII„
1538 159 1567 220 ς
1595 164 1773 211 55-61.
1903 167 2002 214 21⁷

317 260 448 337 guis
479 278 585 317 nec
618 259 794 317 sudor
819 259 931 316 nisi
965 278 996 317 e
1029 279 1267 337 corpore
1300 268 1401 318 est.
1486 258 1602 319 Sed
1630 270 1689 319 et
1717 262 2003 321 decolora-

316 340 402 397 tio
446 339 727 415 quaedam
769 359 838 397 ex
880 339 1072 416 aliqua
1111 341 1455 417 contagione
1496 348 1720 399 terrena
1751 343 2001 402 maxime

316 427 510 497 potest
551 418 844 495 sanguinis
885 420 1089 476 similis
1130 440 1253 477 esse
1294 429 1353 477 et
1393 440 1561 477 umor
1601 422 1868 499 adlapsus
1910 442 2001 481 ex-

315 500 610 569 trinsecae,
636 507 701 556 ut
727 499 789 556 in
817 500 1074 557 tectoriis
1102 499 1363 557 videmus
1390 508 1600 570 austm,
1626 502 1893 559 sudorem
1921 505 2001 561 vi-
2052 506 2057 511 “

315 579 486 637 detur
516 578 744 637 imitari.
831 579 1030 656 Atque
1062 578 1203 636 haec
1231 580 1291 636 in
1322 578 1471 637 bcllo
1500 580 1665 657 plura
1698 590 1755 639 et
1784 584 2001 641 maiora

315 659 583 716 videntur
613 659 969 729 timentibus,
1000 659 1201 717 eadem
1233 678 1352 716 non
1387 668 1507 716 tam
1541 660 2000 719 animadvertun-

315 747 410 797 tur
443 740 501 797 in
536 759 691 817 pace.
775 739 1021 797 Accedit
1051 738 1197 796 illud
1231 740 1422 811 etiam,
1454 739 1612 817 quod
1644 741 1703 797 in
1738 750 1897 799 metu
1940 752 1999 800 et

314 820 568 897 periculo
597 839 727 878 cum
758 821 1067 878 creduntur
1092 820 1320 877 facilius
1347 826 1473 877 tum
1496 820 1793 897 finguntur
1814 822 1999 899 impu-

314 900 459 958 uiua.
548 906 640 959 59.
686 901 810 959 Nos
851 907 1044 958 autem
1076 900 1161 957 ita
1192 899 1345 957 leves
1386 906 1557 977 atque
1590 901 1998 960 inconsiderati

314 1000 527 1051 summ,
558 988 640 1053 ut,
672 982 719 1038 si
752 1000 943 1039 mures
983 981 1327 1038 corroserint
1367 980 1601 1058 aliquid,
1634 1001 1878 1059 quorum
1912 990 1999 1041 est

315 1064 463 1138 opu‘s
502 1060 612 1118 hoc
662 1080 860 1133 unum,
896 1068 1219 1119 monstrum
1262 1062 1569 1139 putemus?
1650 1062 1808 1120 Ante
1862 1082 1997 1121 vero

315 1141 621 1198 Marsicum
655 1141 886 1212 bellum,
919 1142 1074 1219 quod
1118 1142 1333 1218 clipeos
1366 1141 1624 1214 Lanuvii,
1656 1150 1722 1200 ut
1754 1161 1789 1200 a
1820 1150 1879 1201 te
1912 1150 1998 1201 est

314 1222 552 1291 dictum,
578 1241 768 1279 mures
795 1222 1083 1293 rosissent,
1108 1222 1423 1279 maximum
1454 1222 1516 1280 id
1542 1229 1875 1299 portentum
1903 1222 2000 1281 ha-

312 1302 565 1379 ruspices
597 1321 719 1359 esse
748 1302 1029 1359 dixerunt.
1115 1300 1291 1370 Quasi
1319 1321 1453 1359 vero
1488 1303 1793 1380 quicquam
1829 1303 1999 1362 inter-

313 1383 390 1439 sit
432 1402 622 1440 mures
667 1382 820 1439 diem
865 1390 1094 1439 noctem
1141 1382 1360 1458 aliquid
1404 1381 1672 1440 rodentes
1718 1390 1881 1442 scuta
1924 1404 1997 1441 an

312 1462 498 1519 cribra
525 1463 880 1520 corroserint.
968 1462 1118 1519 Nam
1144 1462 1197 1518 si
1220 1462 1330 1518 ista
1358 1462 1665 1538 sequimur,
1692 1464 1849 1539 quod
1872 1463 1998 1521 Pla-

311 1543 467 1600 tonis
498 1544 532 1570 “
551 1542 811 1619 politiam
831 1542 864 1569 '’
894 1561 1079 1619 nuper
1107 1542 1262 1618 apud
1283 1561 1376 1599 me
1398 1561 1589 1599 mures
1616 1551 1994 1616 corroserunt,

311 1623 385 1681 de
413 1643 473 1681 re
499 1622 730 1700 publica
758 1622 930 1681 debui
952 1623 1368 1700 pertimescere,
1394 1629 1509 1692 aut,
1535 1622 1585 1680 si
1606 1622 1841 1700 Epicuri
1872 1624 1906 1651 ‘⁴
1926 1625 1998 1682 de

312 1704 606 1782 voluptate
624 1703 657 1731 '⁹
690 1703 830 1761 liber
857 1722 1119 1761 corrosus
1148 1712 1310 1776 esset,
1335 1710 1597 1781 putarem
1627 1722 1913 1761 annonam
1937 1704 1996 1761 in

309 1785 549 1844 macello
578 1786 851 1843 cariorem
880 1786 1021 1843 fore.

392 1866 682 1925 XXVIII.
769 1872 862 1924 60.
906 1866 1004 1922 An
1031 1884 1167 1923 vero
1188 1864 1285 1922 illa
1312 1883 1418 1922 nos
1439 1871 1671 1936 terrent,
1694 1865 1742 1922 si
1766 1865 1997 1943 quando

311 1947 502 2025 aliqua
529 1954 902 2024 portentuosa
928 1954 1028 2003 aut
1056 1965 1125 2003 ex
1147 1945 1366 2022 pecude
1394 1952 1495 2002 aut
1516 1965 1584 2002 ex
1608 1945 1844 2003 homine
1862 1953 1999 2004 nata

311 2029 616 2086 dicuntur?
650 2046 892 2105 quorum
918 2025 1196 2097 omnium,
1217 2045 1290 2083 ne
1318 2025 1426 2082 sim
1450 2025 1691 2102 longior,
1713 2045 1827 2082 una
1846 2027 1993 2082 ratio

311 2116 413 2166 est.
491 2107 789 2186 Quidquid
811 2107 964 2164 enim
988 2107 1185 2176 oritur,
1207 2105 1619 2183 qualecumque
1640 2113 1743 2177 est,
1768 2126 1995 2164 causam

310 2188 520 2246 habeat
552 2207 588 2245 a
617 2194 822 2246 natura
854 2206 1080 2244 necesse
1110 2193 1213 2257 est,
1237 2193 1303 2243 ut
1330 2187 1503 2243 etiam
1534 2185 1581 2242 si
1609 2193 1835 2263 praeter
1866 2206 1998 2243 con-

313 2269 674 2326 suetudinem
723 2267 1021 2340 exstiterit,
1052 2274 1278 2345 praeter
1324 2273 1586 2323 naturam
1634 2274 1827 2324 tamen
1876 2285 1994 2323 non

312 2350 495 2425 possit
543 2348 827 2406 exsistere.
913 2347 1159 2405 Causam
1207 2346 1387 2424 igitur
1434 2346 1778 2424 investigato
1825 2347 1886 2404 in
1935 2366 1995 2404 re

311 2448 462 2486 nova
502 2435 673 2506 atque
715 2427 1055 2499 admirabili,
1087 2426 1136 2484 si
1169 2427 1399 2503 poteris
1486 2426 1551 2484 Si
1582 2427 1796 2484 nullam
1840 2444 1997 2504 repe·

311 2509 438 2580 rieS‚
462 2509 606 2566 illud
632 2514 827 2566 tamen
861 2507 1221 2584 exploratum
1255 2505 1482 2576 habetO,
1507 2506 1653 2563 nihil
1681 2506 1803 2563 fieri
1830 2516 1997 2582 potu-

310 2589 422 2646 isse
450 2588 570 2646 sine
593 2607 776 2659 causa,
801 2607 1048 2664 eumque
1075 2594 1367 2656 terrorem,
1394 2604 1565 2662 quem
1592 2586 1702 2643 tibi
1731 2586 1811 2643 rei
1840 2586 1997 2642 novi-

310 2675 399 2725 tas
441 2668 716 2738 attulerit,
747 2675 982 2725 naturae
1026 2667 1248 2724 ratione
1294 2665 1582 2742 depellite.
1668 2664 1759 2722 Ita
1790 2671 1849 2722 te
1889 2684 1995 2722 nec

309 2757 492 2806 terrae
533 2749 798 2806 fremitus
830 2767 937 2806 nec
970 2747 1111 2804 caeli
1146 2747 1425 2804 discessus
1457 2764 1563 2802 nec
1594 2744 1855 2821 lapideus
1896 2751 1997 2802 aut

311 2828 657 2907 sanguineus
676 2828 862 2886 imber
889 2847 992 2884 nec
1020 2826 1283 2884 traiectio
1313 2825 1506 2883 stellae
1534 2844 1639 2883 nec
1660 2825 1815 2882 faces
1842 2825 1995 2882 visae

307 2909 619 2966 terrebunt.
707 2913 800 2965 61.
845 2907 1104 2976 Quorum
1144 2906 1404 2962 omnium
1439 2923 1635 2963 causas
1668 2905 1716 2962 si
1748 2922 1785 2961 a
1814 2903 1997 2981 Chry-

310 2988 479 3066 sippo
503 3007 785 3066 quaeram,
807 2987 929 3064 ipse
951 2986 1045 3044 ille
1066 2985 1440 3043 divinationis
1460 2991 1659 3042 auctor
1679 3003 1993 3061 numquam

308 3069 408 3125 illa
441 3068 594 3126 dicet
625 3068 782 3124 facta
811 3067 1058 3124 fortuito
1092 3065 1522 3142 naturalemque
1563 3064 1841 3121 rationem
1878 3083 1996 3120 om-

307 3149 470 3205 nium
500 3148 715 3205 reddet.
803 3146 964 3203 Nihil
992 3146 1146 3203 enim
1176 3144 1299 3203 fieri
1326 3145 1448 3201 sine
1476 3163 1645 3201 causa
1671 3150 1863 3221 potest
1890 3163 1995 3201 nec

310 3227 626 3304 quidquam
659 3226 742 3298 fit,
769 3227 925 3302 quod
952 3225 1074 3283 fieri
1107 3243 1224 3281 non
1258 3230 1492 3300 potest.-
1552 3223 1691 3296 Nec,
1716 3224 1765 3282 si
1791 3224 1852 3280 id
1880 3225 1995 3280 fac-
