<?xml version="1.0" encoding="UTF-8"?>
<!DOCTYPE html PUBLIC "-//W3C//DTD XHTML 1.0 Transitional//EN"
    "http://www.w3.org/TR/xhtml1/DTD/xhtml1-transitional.dtd">
<html xmlns="http://www.w3.org/1999/xhtml" xml:lang="en" lang="en">
 <head>
  <title>
</title>
<meta http-equiv="Content-Type" content="text/html;charset=utf-8" />
  <meta name='ocr-system' content='tesseract 3.04.00' />
  <meta name='ocr-capabilities' content='ocr_page ocr_carea ocr_par ocr_line ocrx_word'/>
</head>
<body>
  <div class='ocr_page' id='page_1' title='image "./denaturadeorumd00cicegoog_0014.png"; bbox 0 0 2199 3546; ppageno 0'>
   <div class='ocr_carea' id='block_1_1' title="bbox 203 136 1440 190">
    <p class='ocr_par' dir='ltr' id='par_1_1' title="bbox 203 136 1440 190">
     <span class='ocr_line' id='line_1_1' title="bbox 203 136 1440 190; baseline 0.002 -7"><span class='ocrx_word' id='word_1_1' title='bbox 203 139 234 190; x_wconf 75' lang='grc'><strong>4</strong></span> <span class='ocrx_word' id='word_1_2' title='bbox 649 137 748 184; x_wconf 76' lang='lat' dir='ltr'>DE</span> <span class='ocrx_word' id='word_1_3' title='bbox 783 136 1082 184; x_wconf 79' lang='lat' dir='ltr'>NATURA</span> <span class='ocrx_word' id='word_1_4' title='bbox 1117 136 1440 186; x_wconf 79' lang='lat' dir='ltr'><strong>DEORUM.</strong></span> 
     </span>
    </p>
   </div>
   <div class='ocr_carea' id='block_1_2' title="bbox 200 231 1889 1341">
    <p class='ocr_par' dir='ltr' id='par_1_2' title="bbox 200 231 1889 1341">
     <span class='ocr_line' id='line_1_2' title="bbox 202 231 1887 300; baseline 0.001 -16"><span class='ocrx_word' id='word_1_5' title='bbox 202 237 338 284; x_wconf 85' lang='lat' dir='ltr'>Nam</span> <span class='ocrx_word' id='word_1_6' title='bbox 354 234 497 284; x_wconf 81' lang='lat' dir='ltr'>illam</span> <span class='ocrx_word' id='word_1_7' title='bbox 515 231 795 296; x_wconf 75' lang='grc' dir='ltr'><strong><em>ἰσονομίαν,</em></strong></span> <span class='ocrx_word' id='word_1_8' title='bbox 810 233 860 282; x_wconf 89' lang='lat' dir='ltr'>id</span> <span class='ocrx_word' id='word_1_9' title='bbox 883 241 975 294; x_wconf 78' lang='lat' dir='ltr'>est,</span> <span class='ocrx_word' id='word_1_10' title='bbox 995 233 1411 296; x_wconf 78' lang='lat' dir='ltr'>aequilibritatem</span> <span class='ocrx_word' id='word_1_11' title='bbox 1430 235 1647 298; x_wconf 86' lang='lat' dir='ltr'>Epicuri,</span> <span class='ocrx_word' id='word_1_12' title='bbox 1667 252 1782 299; x_wconf 84' lang='lat' dir='ltr'>qua,</span> <span class='ocrx_word' id='word_1_13' title='bbox 1801 239 1887 300; x_wconf 89' lang='lat' dir='ltr'>qui</span> 
     </span>
     <span class='ocr_line' id='line_1_3' title="bbox 202 299 1886 365; baseline 0.001 -17"><span class='ocrx_word' id='word_1_14' title='bbox 202 312 374 349; x_wconf 82' lang='lat' dir='ltr'>natura</span> <span class='ocrx_word' id='word_1_15' title='bbox 396 299 621 348; x_wconf 84' lang='lat' dir='ltr'>mortalis</span> <span class='ocrx_word' id='word_1_16' title='bbox 639 299 720 359; x_wconf 89' lang='lat' dir='ltr'>sit,</span> <span class='ocrx_word' id='word_1_17' title='bbox 743 307 798 346; x_wconf 91' lang='lat' dir='ltr'>ut</span> <span class='ocrx_word' id='word_1_18' title='bbox 813 299 855 346; x_wconf 87' lang='lat' dir='ltr'>is</span> <span class='ocrx_word' id='word_1_19' title='bbox 878 300 1031 347; x_wconf 80' lang='lat' dir='ltr'>etiarn</span> <span class='ocrx_word' id='word_1_20' title='bbox 1046 300 1343 347; x_wconf 86' lang='lat' dir='ltr'>immortalis</span> <span class='ocrx_word' id='word_1_21' title='bbox 1366 300 1431 348; x_wconf 87' lang='lat' dir='ltr'>sit</span> <span class='ocrx_word' id='word_1_22' title='bbox 1452 301 1579 349; x_wconf 88' lang='lat' dir='ltr'>effici</span> <span class='ocrx_word' id='word_1_23' title='bbox 1598 311 1753 363; x_wconf 87' lang='lat' dir='ltr'>putet,</span> <span class='ocrx_word' id='word_1_24' title='bbox 1775 318 1886 365; x_wconf 87' lang='lat' dir='ltr'>per-</span> 
     </span>
     <span class='ocr_line' id='line_1_4' title="bbox 203 363 1883 430; baseline 0.002 -17"><span class='ocrx_word' id='word_1_25' title='bbox 203 365 466 413; x_wconf 73' lang='lat' dir='ltr'>absurdum</span> <span class='ocrx_word' id='word_1_26' title='bbox 495 378 618 422; x_wconf 87' lang='lat' dir='ltr'>esse,</span> <span class='ocrx_word' id='word_1_27' title='bbox 640 363 774 426; x_wconf 91' lang='lat' dir='ltr'>quod</span> <span class='ocrx_word' id='word_1_28' title='bbox 809 379 870 412; x_wconf 86' lang='lat' dir='ltr'>ea</span> <span class='ocrx_word' id='word_1_29' title='bbox 895 375 1094 426; x_wconf 83' lang='lat' dir='ltr'>sumpta</span> <span class='ocrx_word' id='word_1_30' title='bbox 1126 364 1306 414; x_wconf 90' lang='lat' dir='ltr'>eodem</span> <span class='ocrx_word' id='word_1_31' title='bbox 1332 365 1482 414; x_wconf 88' lang='lat' dir='ltr'>modo</span> <span class='ocrx_word' id='word_1_32' title='bbox 1514 367 1681 427; x_wconf 84' lang='lat' dir='ltr'>colligi</span> <span class='ocrx_word' id='word_1_33' title='bbox 1709 369 1883 430; x_wconf 82' lang='lat' dir='ltr'>possit,</span> 
     </span>
     <span class='ocr_line' id='line_1_5' title="bbox 203 429 1888 493; baseline 0.002 -15"><span class='ocrx_word' id='word_1_34' title='bbox 203 431 322 493; x_wconf 86' lang='lat' dir='ltr'>quia</span> <span class='ocrx_word' id='word_1_35' title='bbox 340 429 566 478; x_wconf 88' lang='lat' dir='ltr'>homines</span> <span class='ocrx_word' id='word_1_36' title='bbox 587 429 640 476; x_wconf 91' lang='lat' dir='ltr'>in</span> <span class='ocrx_word' id='word_1_37' title='bbox 659 439 791 477; x_wconf 87' lang='lat' dir='ltr'>terra</span> <span class='ocrx_word' id='word_1_38' title='bbox 810 439 1094 489; x_wconf 83' lang='lat' dir='ltr'>nascantur,</span> <span class='ocrx_word' id='word_1_39' title='bbox 1115 430 1265 478; x_wconf 89' lang='lat' dir='ltr'>etiam</span> <span class='ocrx_word' id='word_1_40' title='bbox 1289 431 1339 478; x_wconf 90' lang='lat' dir='ltr'>in</span> <span class='ocrx_word' id='word_1_41' title='bbox 1362 446 1494 493; x_wconf 88' lang='lat' dir='ltr'>aqua</span> <span class='ocrx_word' id='word_1_42' title='bbox 1515 433 1649 480; x_wconf 88' lang='lat' dir='ltr'>nasci</span> <span class='ocrx_word' id='word_1_43' title='bbox 1673 443 1723 481; x_wconf 91' lang='lat' dir='ltr'>et</span> <span class='ocrx_word' id='word_1_44' title='bbox 1743 434 1888 482; x_wconf 88' lang='lat' dir='ltr'>huius</span> 
     </span>
     <span class='ocr_line' id='line_1_6' title="bbox 201 494 1888 557; baseline 0.002 -14"><span class='ocrx_word' id='word_1_45' title='bbox 201 495 338 544; x_wconf 89' lang='lat' dir='ltr'>modi</span> <span class='ocrx_word' id='word_1_46' title='bbox 371 494 586 544; x_wconf 87' lang='lat' dir='ltr'>absurda</span> <span class='ocrx_word' id='word_1_47' title='bbox 618 495 776 557; x_wconf 86' lang='lat' dir='ltr'>plura.</span> <span class='ocrx_word' id='word_1_48' title='bbox 863 495 1051 543; x_wconf 79' lang='lat' dir='ltr'><strong>Beatus</strong></span> <span class='ocrx_word' id='word_1_49' title='bbox 1079 509 1196 543; x_wconf 79' lang='lat' dir='ltr'>vero</span> <span class='ocrx_word' id='word_1_50' title='bbox 1228 511 1346 544; x_wconf 88' lang='lat' dir='ltr'>cum</span> <span class='ocrx_word' id='word_1_51' title='bbox 1378 497 1486 545; x_wconf 88' lang='lat' dir='ltr'>sine</span> <span class='ocrx_word' id='word_1_52' title='bbox 1518 498 1700 547; x_wconf 83' lang='lat' dir='ltr'>virtute</span> <span class='ocrx_word' id='word_1_53' title='bbox 1736 513 1888 546; x_wconf 88' lang='lat' dir='ltr'>nemo</span> 
     </span>
     <span class='ocr_line' id='line_1_7' title="bbox 201 560 1886 625; baseline 0.001 -15"><span class='ocrx_word' id='word_1_54' title='bbox 201 576 310 610; x_wconf 88' lang='lat' dir='ltr'>esse</span> <span class='ocrx_word' id='word_1_55' title='bbox 341 561 511 624; x_wconf 82' lang='lat' dir='ltr'>possit,</span> <span class='ocrx_word' id='word_1_56' title='bbox 532 560 670 608; x_wconf 88' lang='lat' dir='ltr'>nulla</span> <span class='ocrx_word' id='word_1_57' title='bbox 700 569 870 608; x_wconf 86' lang='lat' dir='ltr'>autem</span> <span class='ocrx_word' id='word_1_58' title='bbox 904 561 1010 609; x_wconf 89' lang='lat' dir='ltr'>sine</span> <span class='ocrx_word' id='word_1_59' title='bbox 1041 561 1238 609; x_wconf 86' lang='lat' dir='ltr'>actione</span> <span class='ocrx_word' id='word_1_60' title='bbox 1261 561 1432 622; x_wconf 60' lang='lat' dir='ltr'>virtuti,</span> <span class='ocrx_word' id='word_1_61' title='bbox 1452 576 1518 610; x_wconf 91' lang='lat' dir='ltr'>ne</span> <span class='ocrx_word' id='word_1_62' title='bbox 1538 562 1659 610; x_wconf 89' lang='lat' dir='ltr'>deos</span> <span class='ocrx_word' id='word_1_63' title='bbox 1685 564 1886 625; x_wconf 88' lang='lat' dir='ltr'>quidem</span> 
     </span>
     <span class='ocr_line' id='line_1_8' title="bbox 200 625 1889 690; baseline 0.001 -15"><span class='ocrx_word' id='word_1_64' title='bbox 200 626 313 675; x_wconf 86' lang='lat' dir='ltr'>illos</span> <span class='ocrx_word' id='word_1_65' title='bbox 333 627 519 675; x_wconf 89' lang='lat' dir='ltr'>otiosos</span> <span class='ocrx_word' id='word_1_66' title='bbox 541 625 712 674; x_wconf 85' lang='lat' dir='ltr'>beatos</span> <span class='ocrx_word' id='word_1_67' title='bbox 737 639 845 674; x_wconf 85' lang='lat' dir='ltr'>esse</span> <span class='ocrx_word' id='word_1_68' title='bbox 871 639 1032 688; x_wconf 88' lang='lat' dir='ltr'>posse,</span> <span class='ocrx_word' id='word_1_69' title='bbox 1055 640 1177 688; x_wconf 88' lang='lat' dir='ltr'>qnos</span> <span class='ocrx_word' id='word_1_70' title='bbox 1211 641 1370 688; x_wconf 89' lang='lat' dir='ltr'>neque</span> <span class='ocrx_word' id='word_1_71' title='bbox 1386 626 1643 690; x_wconf 78' lang='lat' dir='ltr'>.voluptate</span> <span class='ocrx_word' id='word_1_72' title='bbox 1668 630 1889 690; x_wconf 85' lang='lat' dir='ltr'>corporis</span> 
     </span>
     <span class='ocr_line' id='line_1_9' title="bbox 202 691 1889 756; baseline 0.001 -16"><span class='ocrx_word' id='word_1_73' title='bbox 202 693 276 740; x_wconf 80' lang='lat' dir='ltr'>uti</span> <span class='ocrx_word' id='word_1_74' title='bbox 299 706 456 754; x_wconf 89' lang='lat' dir='ltr'>posse,</span> <span class='ocrx_word' id='word_1_75' title='bbox 475 691 528 740; x_wconf 90' lang='lat' dir='ltr'>in</span> <span class='ocrx_word' id='word_1_76' title='bbox 551 705 651 754; x_wconf 90' lang='lat' dir='ltr'>qua</span> <span class='ocrx_word' id='word_1_77' title='bbox 672 705 924 740; x_wconf 89' lang='lat' dir='ltr'>summum</span> <span class='ocrx_word' id='word_1_78' title='bbox 947 691 1132 740; x_wconf 90' lang='lat' dir='ltr'>bonum</span> <span class='ocrx_word' id='word_1_79' title='bbox 1156 691 1399 754; x_wconf 83' lang='lat' dir='ltr'>Epicurus</span> <span class='ocrx_word' id='word_1_80' title='bbox 1418 701 1587 756; x_wconf 84' lang='lat' dir='ltr'>ponat,</span> <span class='ocrx_word' id='word_1_81' title='bbox 1608 708 1765 756; x_wconf 89' lang='lat' dir='ltr'>neque</span> <span class='ocrx_word' id='word_1_82' title='bbox 1788 709 1889 742; x_wconf 87' lang='lat' dir='ltr'>una</span> 
     </span>
     <span class='ocr_line' id='line_1_10' title="bbox 203 755 1885 819; baseline 0.001 -13"><span class='ocrx_word' id='word_1_83' title='bbox 203 757 388 806; x_wconf 89' lang='lat' dir='ltr'>doloris</span> <span class='ocrx_word' id='word_1_84' title='bbox 405 757 652 806; x_wconf 78' lang='lat' dir='ltr'>vacuitate</span> <span class='ocrx_word' id='word_1_85' title='bbox 685 764 773 805; x_wconf 87' lang='lat' dir='ltr'>aut</span> <span class='ocrx_word' id='word_1_86' title='bbox 803 756 1014 805; x_wconf 88' lang='lat' dir='ltr'>adsidua</span> <span class='ocrx_word' id='word_1_87' title='bbox 1033 756 1289 805; x_wconf 78' lang='lat' dir='ltr'>felicitatis</span> <span class='ocrx_word' id='word_1_88' title='bbox 1316 772 1434 805; x_wconf 87' lang='lat' dir='ltr'>suae</span> <span class='ocrx_word' id='word_1_89' title='bbox 1456 755 1753 819; x_wconf 81' lang='lat' dir='ltr'>cogitatione</span> <span class='ocrx_word' id='word_1_90' title='bbox 1770 760 1885 808; x_wconf 89' lang='lat' dir='ltr'>bea·</span> 
     </span>
     <span class='ocr_line' id='line_1_11' title="bbox 202 822 1887 886; baseline 0.001 -16"><span class='ocrx_word' id='word_1_91' title='bbox 202 831 280 871; x_wconf 89' lang='lat' dir='ltr'>tos</span> <span class='ocrx_word' id='word_1_92' title='bbox 307 822 435 872; x_wconf 88' lang='lat' dir='ltr'>effici</span> <span class='ocrx_word' id='word_1_93' title='bbox 469 837 628 886; x_wconf 87' lang='lat' dir='ltr'>posse,</span> <span class='ocrx_word' id='word_1_94' title='bbox 652 830 706 871; x_wconf 88' lang='lat' dir='ltr'>et</span> <span class='ocrx_word' id='word_1_95' title='bbox 737 836 854 870; x_wconf 89' lang='lat' dir='ltr'>cum</span> <span class='ocrx_word' id='word_1_96' title='bbox 881 837 1077 885; x_wconf 86' lang='lat' dir='ltr'>semper</span> <span class='ocrx_word' id='word_1_97' title='bbox 1103 822 1361 884; x_wconf 86' lang='lat' dir='ltr'>pulsentur</span> <span class='ocrx_word' id='word_1_98' title='bbox 1386 823 1665 872; x_wconf 83' lang='lat' dir='ltr'>incursione</span> <span class='ocrx_word' id='word_1_99' title='bbox 1697 833 1887 872; x_wconf 86' lang='lat' dir='ltr'>atomo-</span> 
     </span>
     <span class='ocr_line' id='line_1_12' title="bbox 202 887 1889 952; baseline 0 -16"><span class='ocrx_word' id='word_1_100' title='bbox 202 903 315 936; x_wconf 86' lang='lat' dir='ltr'>rum</span> <span class='ocrx_word' id='word_1_101' title='bbox 330 897 382 937; x_wconf 92' lang='lat' dir='ltr'>et</span> <span class='ocrx_word' id='word_1_102' title='bbox 399 888 641 948; x_wconf 81' lang='lat' dir='ltr'>imagines</span> <span class='ocrx_word' id='word_1_103' title='bbox 662 902 728 936; x_wconf 85' lang='lat' dir='ltr'>ex</span> <span class='ocrx_word' id='word_1_104' title='bbox 745 887 864 949; x_wconf 87' lang='lat' dir='ltr'>ipsis</span> <span class='ocrx_word' id='word_1_105' title='bbox 885 902 1080 950; x_wconf 80' lang='lat' dir='ltr'>semper</span> <span class='ocrx_word' id='word_1_106' title='bbox 1102 887 1320 949; x_wconf 86' lang='lat' dir='ltr'>effluant,</span> <span class='ocrx_word' id='word_1_107' title='bbox 1337 903 1439 937; x_wconf 90' lang='lat' dir='ltr'>non</span> <span class='ocrx_word' id='word_1_108' title='bbox 1456 904 1599 952; x_wconf 88' lang='lat' dir='ltr'>posse</span> <span class='ocrx_word' id='word_1_109' title='bbox 1618 905 1717 937; x_wconf 92' lang='lat' dir='ltr'>non</span> <span class='ocrx_word' id='word_1_110' title='bbox 1736 890 1889 939; x_wconf 84' lang='lat' dir='ltr'>inter-</span> 
     </span>
     <span class='ocr_line' id='line_1_13' title="bbox 202 953 1889 1016; baseline 0.001 -15"><span class='ocrx_word' id='word_1_111' title='bbox 202 954 330 1002; x_wconf 87' lang='lat' dir='ltr'>itum</span> <span class='ocrx_word' id='word_1_112' title='bbox 356 953 546 1014; x_wconf 86' lang='lat' dir='ltr'>timere,</span> <span class='ocrx_word' id='word_1_113' title='bbox 571 953 624 1002; x_wconf 89' lang='lat' dir='ltr'>id</span> <span class='ocrx_word' id='word_1_114' title='bbox 647 953 782 1015; x_wconf 91' lang='lat' dir='ltr'>quod</span> <span class='ocrx_word' id='word_1_115' title='bbox 805 953 1103 1002; x_wconf 85' lang='lat' dir='ltr'>beatitudini</span> <span class='ocrx_word' id='word_1_116' title='bbox 1130 969 1331 1016; x_wconf 86' lang='lat' dir='ltr'>prorsus</span> <span class='ocrx_word' id='word_1_117' title='bbox 1358 955 1658 1004; x_wconf 88' lang='lat' dir='ltr'>contrarium</span> <span class='ocrx_word' id='word_1_118' title='bbox 1684 970 1791 1004; x_wconf 89' lang='lat' dir='ltr'>esse</span> <span class='ocrx_word' id='word_1_119' title='bbox 1818 955 1889 1002; x_wconf 91' lang='lat' dir='ltr'>vi-</span> 
     </span>
     <span class='ocr_line' id='line_1_14' title="bbox 203 1017 1888 1081; baseline 0.001 -15"><span class='ocrx_word' id='word_1_120' title='bbox 203 1019 393 1079; x_wconf 79' lang='lat' dir='ltr'>dentur,</span> <span class='ocrx_word' id='word_1_121' title='bbox 409 1034 518 1081; x_wconf 86' lang='lat' dir='ltr'>cap.</span> <span class='ocrx_word' id='word_1_122' title='bbox 539 1020 720 1080; x_wconf 80' lang='grc'>37-41,</span> <span class='ocrx_word' id='word_1_123' title='bbox 744 1017 772 1077; x_wconf 80' lang='lat'>§</span> <span class='ocrx_word' id='word_1_124' title='bbox 802 1020 1042 1067; x_wconf 82' lang='lat'>103-114.</span> <span class='ocrx_word' id='word_1_125' title='bbox 1126 1019 1376 1078; x_wconf 86' lang='lat' dir='ltr'>Quoniam</span> <span class='ocrx_word' id='word_1_126' title='bbox 1403 1035 1521 1068; x_wconf 86' lang='lat' dir='ltr'>vero</span> <span class='ocrx_word' id='word_1_127' title='bbox 1552 1021 1735 1068; x_wconf 86' lang='lat' dir='ltr'>otiosos</span> <span class='ocrx_word' id='word_1_128' title='bbox 1768 1021 1888 1068; x_wconf 87' lang='lat' dir='ltr'>deos</span> 
     </span>
     <span class='ocr_line' id='line_1_15' title="bbox 202 1082 1889 1146; baseline 0.002 -15"><span class='ocrx_word' id='word_1_129' title='bbox 202 1083 518 1133; x_wconf 77' lang='lat' dir='ltr'>introducant</span> <span class='ocrx_word' id='word_1_130' title='bbox 541 1083 788 1146; x_wconf 84' lang='lat' dir='ltr'>Epicurei,</span> <span class='ocrx_word' id='word_1_131' title='bbox 812 1082 997 1132; x_wconf 90' lang='lat' dir='ltr'>nullam</span> <span class='ocrx_word' id='word_1_132' title='bbox 1033 1098 1200 1131; x_wconf 86' lang='lat' dir='ltr'>rerum</span> <span class='ocrx_word' id='word_1_133' title='bbox 1234 1084 1564 1132; x_wconf 84' lang='lat' dir='ltr'>humanarum</span> <span class='ocrx_word' id='word_1_134' title='bbox 1598 1101 1770 1134; x_wconf 85' lang='lat' dir='ltr'>curam</span> <span class='ocrx_word' id='word_1_135' title='bbox 1799 1086 1889 1134; x_wconf 90' lang='lat' dir='ltr'>ha·</span> 
     </span>
     <span class='ocr_line' id='line_1_16' title="bbox 204 1147 1888 1210; baseline 0.002 -14"><span class='ocrx_word' id='word_1_136' title='bbox 204 1149 390 1210; x_wconf 88' lang='lat' dir='ltr'>bentes‚</span> <span class='ocrx_word' id='word_1_137' title='bbox 412 1148 540 1197; x_wconf 91' lang='lat' dir='ltr'>nihil</span> <span class='ocrx_word' id='word_1_138' title='bbox 571 1149 796 1196; x_wconf 85' lang='lat' dir='ltr'>iuvantes</span> <span class='ocrx_word' id='word_1_139' title='bbox 829 1147 1072 1207; x_wconf 80' lang='lat' dir='ltr'>homineS,</span> <span class='ocrx_word' id='word_1_140' title='bbox 1096 1163 1295 1197; x_wconf 88' lang='lat' dir='ltr'>omnem</span> <span class='ocrx_word' id='word_1_141' title='bbox 1333 1150 1647 1199; x_wconf 86' lang='lat' dir='ltr'>sanctitatem</span> <span class='ocrx_word' id='word_1_142' title='bbox 1682 1151 1888 1199; x_wconf 86' lang='lat' dir='ltr'>deorum</span> 
     </span>
     <span class='ocr_line' id='line_1_17' title="bbox 203 1213 1889 1278; baseline 0 -15"><span class='ocrx_word' id='word_1_143' title='bbox 203 1223 254 1264; x_wconf 92' lang='lat' dir='ltr'>et</span> <span class='ocrx_word' id='word_1_144' title='bbox 276 1214 536 1263; x_wconf 89' lang='lat' dir='ltr'>hominum</span> <span class='ocrx_word' id='word_1_145' title='bbox 558 1213 793 1262; x_wconf 87' lang='lat' dir='ltr'>adversus</span> <span class='ocrx_word' id='word_1_146' title='bbox 821 1227 904 1262; x_wconf 91' lang='lat' dir='ltr'>eos</span> <span class='ocrx_word' id='word_1_147' title='bbox 928 1213 1179 1275; x_wconf 88' lang='lat' dir='ltr'>pietatem,</span> <span class='ocrx_word' id='word_1_148' title='bbox 1196 1229 1503 1276; x_wconf 85' lang='lat' dir='ltr'>quamquam</span> <span class='ocrx_word' id='word_1_149' title='bbox 1526 1215 1685 1266; x_wconf 73' lang='lat' dir='ltr'>verbis</span> <span class='ocrx_word' id='word_1_150' title='bbox 1708 1214 1778 1264; x_wconf 89' lang='lat' dir='ltr'>illi</span> <span class='ocrx_word' id='word_1_151' title='bbox 1801 1231 1889 1278; x_wconf 83' lang='lat' dir='ltr'>po-</span> 
     </span>
     <span class='ocr_line' id='line_1_18' title="bbox 203 1276 1462 1341; baseline 0 -13"><span class='ocrx_word' id='word_1_152' title='bbox 203 1288 344 1341; x_wconf 88' lang='lat' dir='ltr'>nant,</span> <span class='ocrx_word' id='word_1_153' title='bbox 365 1293 418 1328; x_wconf 84' lang='lat' dir='ltr'>re</span> <span class='ocrx_word' id='word_1_154' title='bbox 440 1288 608 1328; x_wconf 89' lang='lat' dir='ltr'>tamen</span> <span class='ocrx_word' id='word_1_155' title='bbox 633 1278 818 1339; x_wconf 84' lang='lat' dir='ltr'>tollere,</span> <span class='ocrx_word' id='word_1_156' title='bbox 831 1293 935 1340; x_wconf 82' lang='lat' dir='ltr'>cap.</span> <span class='ocrx_word' id='word_1_157' title='bbox 959 1277 1135 1338; x_wconf 80' lang='lat'>41-44,</span> <span class='ocrx_word' id='word_1_158' title='bbox 1159 1276 1188 1341; x_wconf 66' lang='grc' dir='ltr'>ξ</span> <span class='ocrx_word' id='word_1_159' title='bbox 1220 1281 1462 1329; x_wconf 79' lang='lat'>115-124.</span> 
     </span>
    </p>
   </div>
   <div class='ocr_carea' id='block_1_3' title="bbox 205 1434 1891 1989">
    <p class='ocr_par' dir='ltr' id='par_1_3' title="bbox 205 1434 1891 1989">
     <span class='ocr_line' id='line_1_19' title="bbox 253 1434 1889 1515; baseline 0.001 -22"><span class='ocrx_word' id='word_1_160' title='bbox 253 1451 255 1453; x_wconf 78' lang='grc'><strong>’</strong></span> <span class='ocrx_word' id='word_1_161' title='bbox 288 1436 334 1494; x_wconf 92' lang='lat'>1.</span> <span class='ocrx_word' id='word_1_162' title='bbox 407 1442 458 1494; x_wconf 92' lang='lat'>1.</span> <span class='ocrx_word' id='word_1_163' title='bbox 497 1435 646 1494; x_wconf 85' lang='lat' dir='ltr'>Cum</span> <span class='ocrx_word' id='word_1_164' title='bbox 675 1435 890 1492; x_wconf 89' lang='lat' dir='ltr'>multae</span> <span class='ocrx_word' id='word_1_165' title='bbox 919 1453 1008 1491; x_wconf 88' lang='lat' dir='ltr'>res</span> <span class='ocrx_word' id='word_1_166' title='bbox 1036 1434 1095 1491; x_wconf 91' lang='lat' dir='ltr'>in</span> <span class='ocrx_word' id='word_1_167' title='bbox 1130 1435 1500 1512; x_wconf 86' lang='lat' dir='ltr'>philosophia</span> <span class='ocrx_word' id='word_1_168' title='bbox 1527 1457 1889 1515; x_wconf 88' lang='lat' dir='ltr'>nequaquam</span> 
     </span>
     <span class='ocr_line' id='line_1_20' title="bbox 207 1514 1887 1590; baseline 0.001 -16"><span class='ocrx_word' id='word_1_169' title='bbox 207 1517 346 1574; x_wconf 89' lang='lat' dir='ltr'>satis</span> <span class='ocrx_word' id='word_1_170' title='bbox 385 1515 573 1572; x_wconf 87' lang='lat' dir='ltr'>adhuc</span> <span class='ocrx_word' id='word_1_171' title='bbox 615 1515 928 1590; x_wconf 79' lang='lat' dir='ltr'>explicatae</span> <span class='ocrx_word' id='word_1_172' title='bbox 969 1514 1101 1584; x_wconf 88' lang='lat' dir='ltr'>sint,</span> <span class='ocrx_word' id='word_1_173' title='bbox 1133 1524 1261 1570; x_wconf 88' lang='lat' dir='ltr'>tum</span> <span class='ocrx_word' id='word_1_174' title='bbox 1295 1515 1661 1590; x_wconf 79' lang='lat' dir='ltr'>perdifficilis,</span> <span class='ocrx_word' id='word_1_175' title='bbox 1686 1517 1887 1588; x_wconf 83' lang='lat' dir='ltr'>Brute,</span> 
     </span>
     <span class='ocr_line' id='line_1_21' title="bbox 209 1593 1891 1674; baseline 0.001 -21"><span class='ocrx_word' id='word_1_176' title='bbox 209 1596 366 1674; x_wconf 90' lang='lat' dir='ltr'>quod</span> <span class='ocrx_word' id='word_1_177' title='bbox 398 1602 462 1651; x_wconf 90' lang='lat' dir='ltr'>tu</span> <span class='ocrx_word' id='word_1_178' title='bbox 497 1594 736 1650; x_wconf 90' lang='lat' dir='ltr'>minime</span> <span class='ocrx_word' id='word_1_179' title='bbox 769 1594 1015 1670; x_wconf 82' lang='lat' dir='ltr'>ignoras,</span> <span class='ocrx_word' id='word_1_180' title='bbox 1041 1600 1101 1649; x_wconf 89' lang='lat' dir='ltr'>et</span> <span class='ocrx_word' id='word_1_181' title='bbox 1133 1593 1477 1668; x_wconf 84' lang='lat' dir='ltr'>perobscura</span> <span class='ocrx_word' id='word_1_182' title='bbox 1510 1597 1769 1669; x_wconf 84' lang='lat' dir='ltr'>quaestio</span> <span class='ocrx_word' id='word_1_183' title='bbox 1804 1603 1891 1654; x_wconf 86' lang='lat' dir='ltr'>est</span> 
     </span>
     <span class='ocr_line' id='line_1_22' title="bbox 208 1671 1891 1748; baseline 0 -16"><span class='ocrx_word' id='word_1_184' title='bbox 208 1677 280 1733; x_wconf 93' lang='lat' dir='ltr'>de</span> <span class='ocrx_word' id='word_1_185' title='bbox 328 1681 534 1731; x_wconf 85' lang='lat' dir='ltr'>natura</span> <span class='ocrx_word' id='word_1_186' title='bbox 581 1673 839 1742; x_wconf 87' lang='lat' dir='ltr'>deorum,</span> <span class='ocrx_word' id='word_1_187' title='bbox 877 1691 1021 1748; x_wconf 89' lang='lat' dir='ltr'>quae</span> <span class='ocrx_word' id='word_1_188' title='bbox 1069 1678 1129 1728; x_wconf 90' lang='lat' dir='ltr'>et</span> <span class='ocrx_word' id='word_1_189' title='bbox 1177 1671 1252 1728; x_wconf 89' lang='lat' dir='ltr'>ad</span> <span class='ocrx_word' id='word_1_190' title='bbox 1304 1671 1659 1747; x_wconf 84' lang='lat' dir='ltr'>agnitionem</span> <span class='ocrx_word' id='word_1_191' title='bbox 1710 1674 1891 1732; x_wconf 89' lang='lat' dir='ltr'>animi</span> 
     </span>
     <span class='ocr_line' id='line_1_23' title="bbox 206 1749 1891 1833; baseline -0.001 -21"><span class='ocrx_word' id='word_1_192' title='bbox 206 1753 590 1833; x_wconf 87' lang='lat' dir='ltr'>pulcherrima</span> <span class='ocrx_word' id='word_1_193' title='bbox 629 1759 716 1811; x_wconf 88' lang='lat' dir='ltr'>est</span> <span class='ocrx_word' id='word_1_194' title='bbox 757 1759 816 1811; x_wconf 88' lang='lat' dir='ltr'>et</span> <span class='ocrx_word' id='word_1_195' title='bbox 856 1751 931 1809; x_wconf 89' lang='lat' dir='ltr'>ad</span> <span class='ocrx_word' id='word_1_196' title='bbox 966 1750 1377 1809; x_wconf 89' lang='lat' dir='ltr'>moderandam</span> <span class='ocrx_word' id='word_1_197' title='bbox 1417 1749 1755 1827; x_wconf 88' lang='lat' dir='ltr'>religionem</span> <span class='ocrx_word' id='word_1_198' title='bbox 1796 1771 1891 1810; x_wconf 90' lang='lat' dir='ltr'>ne-</span> 
     </span>
     <span class='ocr_line' id='line_1_24' title="bbox 207 1830 1889 1910; baseline -0.002 -17"><span class='ocrx_word' id='word_1_199' title='bbox 207 1835 463 1904; x_wconf 84' lang='lat' dir='ltr'>cessaria.</span> <span class='ocrx_word' id='word_1_200' title='bbox 564 1834 656 1891; x_wconf 90' lang='lat' dir='ltr'>De</span> <span class='ocrx_word' id='word_1_201' title='bbox 699 1852 812 1910; x_wconf 90' lang='lat' dir='ltr'>qua</span> <span class='ocrx_word' id='word_1_202' title='bbox 851 1839 973 1888; x_wconf 90' lang='lat' dir='ltr'>tam</span> <span class='ocrx_word' id='word_1_203' title='bbox 1015 1833 1203 1889; x_wconf 87' lang='lat' dir='ltr'>variae</span> <span class='ocrx_word' id='word_1_204' title='bbox 1248 1838 1382 1888; x_wconf 89' lang='lat' dir='ltr'>sunt</span> <span class='ocrx_word' id='word_1_205' title='bbox 1423 1830 1889 1889; x_wconf 81' lang='lat' dir='ltr'>doctissimorum</span> 
     </span>
     <span class='ocr_line' id='line_1_25' title="bbox 205 1911 1891 1989; baseline -0.002 -18"><span class='ocrx_word' id='word_1_206' title='bbox 205 1915 512 1972; x_wconf 88' lang='lat' dir='ltr'>hominum</span> <span class='ocrx_word' id='word_1_207' title='bbox 539 1920 774 1989; x_wconf 87' lang='lat' dir='ltr'>tamque</span> <span class='ocrx_word' id='word_1_208' title='bbox 801 1912 1191 1989; x_wconf 85' lang='lat' dir='ltr'>discrepantes</span> <span class='ocrx_word' id='word_1_209' title='bbox 1224 1911 1559 1984; x_wconf 88' lang='lat' dir='ltr'>sententiae,</span> <span class='ocrx_word' id='word_1_210' title='bbox 1583 1918 1651 1968; x_wconf 89' lang='lat' dir='ltr'>ut</span> <span class='ocrx_word' id='word_1_211' title='bbox 1677 1930 1891 1988; x_wconf 88' lang='lat' dir='ltr'>magno</span> 
     </span>
    </p>
   </div>
   <div class='ocr_carea' id='block_1_4' title="bbox 117 1992 1889 2071">
    <p class='ocr_par' dir='ltr' id='par_1_4' title="bbox 117 1992 1889 2071">
     <span class='ocr_line' id='line_1_26' title="bbox 117 1992 1889 2071; baseline -0.002 -19"><span class='ocrx_word' id='word_1_212' title='bbox 117 2000 124 2007; x_wconf 82' lang='grc'><strong>’</strong></span> <span class='ocrx_word' id='word_1_213' title='bbox 207 1999 547 2071; x_wconf 85' lang='lat' dir='ltr'>argumento</span> <span class='ocrx_word' id='word_1_214' title='bbox 592 2012 713 2050; x_wconf 90' lang='grc'>6886</span> <span class='ocrx_word' id='word_1_215' title='bbox 757 1992 966 2052; x_wconf 90' lang='lat' dir='ltr'>debeat</span> <span class='ocrx_word' id='word_1_216' title='bbox 1009 2008 1255 2066; x_wconf 83' lang='lat' dir='ltr'>causam,</span> <span class='ocrx_word' id='word_1_217' title='bbox 1291 1992 1356 2051; x_wconf 86' lang='lat' dir='ltr'>id</span> <span class='ocrx_word' id='word_1_218' title='bbox 1400 2000 1503 2065; x_wconf 89' lang='lat' dir='ltr'>est,</span> <span class='ocrx_word' id='word_1_219' title='bbox 1539 1992 1889 2070; x_wconf 89' lang='lat' dir='ltr'>principium</span> 
     </span>
    </p>
   </div>
   <div class='ocr_carea' id='block_1_5' title="bbox 207 2072 1899 3265">
    <p class='ocr_par' dir='ltr' id='par_1_5' title="bbox 207 2072 1899 3265">
     <span class='ocr_line' id='line_1_27' title="bbox 209 2072 1893 2153; baseline -0.002 -21"><span class='ocrx_word' id='word_1_220' title='bbox 209 2073 610 2153; x_wconf 84' lang='lat' dir='ltr'>philosophiae</span> <span class='ocrx_word' id='word_1_221' title='bbox 651 2092 772 2133; x_wconf 89' lang='lat' dir='ltr'>esse</span> <span class='ocrx_word' id='word_1_222' title='bbox 813 2073 1176 2134; x_wconf 86' lang='lat' dir='ltr'>inscientiam</span> <span class='ocrx_word' id='word_1_223' title='bbox 1216 2074 1643 2153; x_wconf 88' lang='lat' dir='ltr'>prudenterque</span> <span class='ocrx_word' id='word_1_224' title='bbox 1674 2072 1893 2131; x_wconf 90' lang='lat' dir='ltr'>Acade-</span> 
     </span>
     <span class='ocr_line' id='line_1_28' title="bbox 207 2152 1893 2221; baseline -0.001 -10"><span class='ocrx_word' id='word_1_225' title='bbox 207 2155 390 2212; x_wconf 88' lang='lat' dir='ltr'>micos</span> <span class='ocrx_word' id='word_1_226' title='bbox 417 2174 453 2211; x_wconf 91' lang='lat' dir='ltr'>a</span> <span class='ocrx_word' id='word_1_227' title='bbox 477 2152 648 2212; x_wconf 88' lang='lat' dir='ltr'>rebus</span> <span class='ocrx_word' id='word_1_228' title='bbox 667 2154 900 2213; x_wconf 90' lang='lat' dir='ltr'>incertis</span> <span class='ocrx_word' id='word_1_229' title='bbox 917 2155 1317 2212; x_wconf 86' lang='lat' dir='ltr'>adsensionem</span> <span class='ocrx_word' id='word_1_230' title='bbox 1338 2154 1678 2212; x_wconf 89' lang='lat' dir='ltr'>cohibuisse.</span> <span class='ocrx_word' id='word_1_231' title='bbox 1738 2152 1893 2221; x_wconf 82' lang='lat' dir='ltr'>Quid</span> 
     </span>
     <span class='ocr_line' id='line_1_29' title="bbox 210 2228 1894 2309; baseline -0.001 -17"><span class='ocrx_word' id='word_1_232' title='bbox 210 2241 298 2293; x_wconf 91' lang='lat' dir='ltr'>est</span> <span class='ocrx_word' id='word_1_233' title='bbox 337 2234 493 2292; x_wconf 90' lang='lat' dir='ltr'>enim</span> <span class='ocrx_word' id='word_1_234' title='bbox 533 2236 856 2292; x_wconf 86' lang='lat' dir='ltr'>temeritate</span> <span class='ocrx_word' id='word_1_235' title='bbox 897 2234 1130 2291; x_wconf 85' lang='lat' dir='ltr'>foedius</span> <span class='ocrx_word' id='word_1_236' title='bbox 1146 2228 1272 2291; x_wconf 57' lang='lat' dir='ltr'>*aut</span> <span class='ocrx_word' id='word_1_237' title='bbox 1312 2233 1454 2309; x_wconf 92' lang='lat' dir='ltr'>quid</span> <span class='ocrx_word' id='word_1_238' title='bbox 1494 2240 1616 2289; x_wconf 88' lang='lat' dir='ltr'>tam</span> <span class='ocrx_word' id='word_1_239' title='bbox 1657 2239 1894 2291; x_wconf 87' lang='lat' dir='ltr'>temera-</span> 
     </span>
     <span class='ocr_line' id='line_1_30' title="bbox 209 2311 1895 2391; baseline -0.001 -19"><span class='ocrx_word' id='word_1_240' title='bbox 209 2316 360 2373; x_wconf 90' lang='lat' dir='ltr'>rium</span> <span class='ocrx_word' id='word_1_241' title='bbox 407 2312 643 2391; x_wconf 83' lang='lat' dir='ltr'>tamque</span> <span class='ocrx_word' id='word_1_242' title='bbox 691 2314 999 2389; x_wconf 89' lang='lat' dir='ltr'>indiguum</span> <span class='ocrx_word' id='word_1_243' title='bbox 1055 2312 1331 2389; x_wconf 85' lang='lat' dir='ltr'>sapientis</span> <span class='ocrx_word' id='word_1_244' title='bbox 1386 2311 1667 2387; x_wconf 85' lang='lat' dir='ltr'>gravitate</span> <span class='ocrx_word' id='word_1_245' title='bbox 1720 2318 1895 2389; x_wconf 90' lang='lat' dir='ltr'>atque</span> 
     </span>
     <span class='ocr_line' id='line_1_31' title="bbox 211 2391 1893 2469; baseline -0.002 -17"><span class='ocrx_word' id='word_1_246' title='bbox 211 2394 535 2452; x_wconf 89' lang='lat' dir='ltr'>constantia</span> <span class='ocrx_word' id='word_1_247' title='bbox 575 2412 747 2469; x_wconf 89' lang='lat' dir='ltr'>quam</span> <span class='ocrx_word' id='word_1_248' title='bbox 788 2399 890 2449; x_wconf 90' lang='lat' dir='ltr'>aut</span> <span class='ocrx_word' id='word_1_249' title='bbox 929 2391 1141 2448; x_wconf 86' lang='lat' dir='ltr'>falsum</span> <span class='ocrx_word' id='word_1_250' title='bbox 1184 2392 1391 2448; x_wconf 90' lang='lat' dir='ltr'>sentire</span> <span class='ocrx_word' id='word_1_251' title='bbox 1435 2398 1536 2449; x_wconf 89' lang='lat' dir='ltr'>aut</span> <span class='ocrx_word' id='word_1_252' title='bbox 1579 2391 1734 2469; x_wconf 90' lang='lat' dir='ltr'>quod</span> <span class='ocrx_word' id='word_1_253' title='bbox 1776 2412 1893 2450; x_wconf 91' lang='lat' dir='ltr'>non</span> 
     </span>
     <span class='ocr_line' id='line_1_32' title="bbox 212 2471 1896 2550; baseline -0.001 -19"><span class='ocrx_word' id='word_1_254' title='bbox 212 2475 350 2531; x_wconf 88' lang='lat' dir='ltr'>satis</span> <span class='ocrx_word' id='word_1_255' title='bbox 391 2472 681 2550; x_wconf 87' lang='lat' dir='ltr'>explorate</span> <span class='ocrx_word' id='word_1_256' title='bbox 721 2479 1056 2549; x_wconf 87' lang='lat' dir='ltr'>perceptum</span> <span class='ocrx_word' id='word_1_257' title='bbox 1092 2471 1168 2528; x_wconf 89' lang='lat' dir='ltr'>sit</span> <span class='ocrx_word' id='word_1_258' title='bbox 1201 2478 1259 2528; x_wconf 89' lang='lat' dir='ltr'>et</span> <span class='ocrx_word' id='word_1_259' title='bbox 1292 2472 1590 2548; x_wconf 84' lang='lat' dir='ltr'>cognitum</span> <span class='ocrx_word' id='word_1_260' title='bbox 1624 2472 1747 2530; x_wconf 90' lang='lat' dir='ltr'>sine</span> <span class='ocrx_word' id='word_1_261' title='bbox 1780 2472 1896 2530; x_wconf 92' lang='lat' dir='ltr'>ulla</span> 
     </span>
     <span class='ocr_line' id='line_1_33' title="bbox 212 2550 1895 2627; baseline -0.001 -15"><span class='ocrx_word' id='word_1_262' title='bbox 212 2554 572 2612; x_wconf 89' lang='lat' dir='ltr'>dubitatione</span> <span class='ocrx_word' id='word_1_263' title='bbox 607 2551 954 2609; x_wconf 64' lang='lat' dir='ltr'>defendere?</span> <span class='ocrx_word' id='word_1_264' title='bbox 1037 2558 1090 2609; x_wconf 80' lang='lat'>2.</span> <span class='ocrx_word' id='word_1_265' title='bbox 1130 2550 1309 2609; x_wconf 90' lang='lat' dir='ltr'>Velut</span> <span class='ocrx_word' id='word_1_266' title='bbox 1335 2551 1397 2608; x_wconf 90' lang='lat' dir='ltr'>in</span> <span class='ocrx_word' id='word_1_267' title='bbox 1425 2552 1533 2609; x_wconf 89' lang='lat' dir='ltr'>hac</span> <span class='ocrx_word' id='word_1_268' title='bbox 1562 2552 1895 2627; x_wconf 88' lang='lat' dir='ltr'>quaestione</span> 
     </span>
     <span class='ocr_line' id='line_1_34' title="bbox 213 2630 1896 2711; baseline -0.001 -20"><span class='ocrx_word' id='word_1_269' title='bbox 213 2634 485 2711; x_wconf 89' lang='lat' dir='ltr'>plerique,</span> <span class='ocrx_word' id='word_1_270' title='bbox 508 2631 664 2708; x_wconf 92' lang='lat' dir='ltr'>quod</span> <span class='ocrx_word' id='word_1_271' title='bbox 693 2632 941 2690; x_wconf 88' lang='lat' dir='ltr'>maxime</span> <span class='ocrx_word' id='word_1_272' title='bbox 970 2631 1087 2689; x_wconf 89' lang='lat' dir='ltr'>veri</span> <span class='ocrx_word' id='word_1_273' title='bbox 1122 2630 1309 2689; x_wconf 89' lang='lat' dir='ltr'>simile</span> <span class='ocrx_word' id='word_1_274' title='bbox 1341 2639 1428 2689; x_wconf 89' lang='lat' dir='ltr'>est</span> <span class='ocrx_word' id='word_1_275' title='bbox 1456 2639 1515 2690; x_wconf 89' lang='lat' dir='ltr'>et</span> <span class='ocrx_word' id='word_1_276' title='bbox 1543 2652 1660 2709; x_wconf 91' lang='lat' dir='ltr'>quo</span> <span class='ocrx_word' id='word_1_277' title='bbox 1695 2651 1896 2690; x_wconf 91' lang='lat' dir='ltr'>omnes</span> 
     </span>
     <span class='ocr_line' id='line_1_35' title="bbox 213 2711 1895 2784; baseline -0.001 -14"><span class='ocrx_word' id='word_1_278' title='bbox 213 2714 358 2770; x_wconf 88' lang='lat' dir='ltr'>duce</span> <span class='ocrx_word' id='word_1_279' title='bbox 387 2717 591 2769; x_wconf 88' lang='lat' dir='ltr'>natura</span> <span class='ocrx_word' id='word_1_280' title='bbox 618 2712 895 2783; x_wconf 88' lang='lat' dir='ltr'>vehimur,</span> <span class='ocrx_word' id='word_1_281' title='bbox 917 2712 1056 2769; x_wconf 90' lang='lat' dir='ltr'>deos</span> <span class='ocrx_word' id='word_1_282' title='bbox 1088 2730 1211 2767; x_wconf 89' lang='lat' dir='ltr'>esse</span> <span class='ocrx_word' id='word_1_283' title='bbox 1238 2711 1522 2784; x_wconf 86' lang='lat' dir='ltr'>dixerunt,</span> <span class='ocrx_word' id='word_1_284' title='bbox 1543 2712 1807 2770; x_wconf 88' lang='lat' dir='ltr'>dubitare</span> <span class='ocrx_word' id='word_1_285' title='bbox 1836 2731 1895 2769; x_wconf 89' lang='lat' dir='ltr'>se</span> 
     </span>
     <span class='ocr_line' id='line_1_36' title="bbox 213 2792 1897 2869; baseline -0.001 -18"><span class='ocrx_word' id='word_1_286' title='bbox 213 2793 577 2869; x_wconf 79' lang='lat' dir='ltr'>ProtagoraS‚</span> <span class='ocrx_word' id='word_1_287' title='bbox 597 2792 786 2849; x_wconf 89' lang='lat' dir='ltr'>nullos</span> <span class='ocrx_word' id='word_1_288' title='bbox 827 2811 947 2850; x_wconf 90' lang='lat' dir='ltr'>esse</span> <span class='ocrx_word' id='word_1_289' title='bbox 989 2792 1229 2848; x_wconf 89' lang='lat' dir='ltr'>omnino</span> <span class='ocrx_word' id='word_1_290' title='bbox 1270 2793 1553 2869; x_wconf 86' lang='lat' dir='ltr'>Diagoras</span> <span class='ocrx_word' id='word_1_291' title='bbox 1591 2792 1797 2850; x_wconf 89' lang='lat' dir='ltr'>Melius</span> <span class='ocrx_word' id='word_1_292' title='bbox 1839 2798 1897 2849; x_wconf 89' lang='lat' dir='ltr'>et</span> 
     </span>
     <span class='ocr_line' id='line_1_37' title="bbox 213 2871 1897 2949; baseline -0.002 -18"><span class='ocrx_word' id='word_1_293' title='bbox 213 2873 554 2931; x_wconf 89' lang='lat' dir='ltr'>Theodorus</span> <span class='ocrx_word' id='word_1_294' title='bbox 587 2871 936 2949; x_wconf 85' lang='lat' dir='ltr'>Cyrenaicus</span> <span class='ocrx_word' id='word_1_295' title='bbox 968 2877 1331 2948; x_wconf 89' lang='lat' dir='ltr'>putaverunt.</span> <span class='ocrx_word' id='word_1_296' title='bbox 1428 2871 1542 2940; x_wconf 82' lang='lat' dir='ltr'>Qui</span> <span class='ocrx_word' id='word_1_297' title='bbox 1580 2891 1714 2929; x_wconf 83' lang='lat' dir='ltr'>vero</span> <span class='ocrx_word' id='word_1_298' title='bbox 1756 2873 1897 2928; x_wconf 89' lang='lat' dir='ltr'>deos</span> 
     </span>
     <span class='ocr_line' id='line_1_38' title="bbox 215 2951 1894 3023; baseline -0.003 -13"><span class='ocrx_word' id='word_1_299' title='bbox 215 2973 336 3011; x_wconf 88' lang='lat' dir='ltr'>esse</span> <span class='ocrx_word' id='word_1_300' title='bbox 364 2954 647 3023; x_wconf 83' lang='lat' dir='ltr'>dixerunt,</span> <span class='ocrx_word' id='word_1_301' title='bbox 677 2959 840 3009; x_wconf 89' lang='lat' dir='ltr'>tanta</span> <span class='ocrx_word' id='word_1_302' title='bbox 867 2960 1003 3009; x_wconf 89' lang='lat' dir='ltr'>sunt</span> <span class='ocrx_word' id='word_1_303' title='bbox 1034 2952 1093 3008; x_wconf 91' lang='lat' dir='ltr'>in</span> <span class='ocrx_word' id='word_1_304' title='bbox 1122 2952 1394 3009; x_wconf 86' lang='lat' dir='ltr'>varietate</span> <span class='ocrx_word' id='word_1_305' title='bbox 1426 2971 1491 3009; x_wconf 89' lang='lat' dir='ltr'>ac</span> <span class='ocrx_word' id='word_1_306' title='bbox 1526 2951 1894 3019; x_wconf 90' lang='lat' dir='ltr'>dissensione,</span> 
     </span>
     <span class='ocr_line' id='line_1_39' title="bbox 214 3028 1897 3089; baseline -0.003 0"><span class='ocrx_word' id='word_1_307' title='bbox 214 3039 283 3089; x_wconf 86' lang='lat' dir='ltr'>ut</span> <span class='ocrx_word' id='word_1_308' title='bbox 309 3052 508 3089; x_wconf 86' lang='lat' dir='ltr'>eorum</span> <span class='ocrx_word' id='word_1_309' title='bbox 536 3032 845 3089; x_wconf 85' lang='lat' dir='ltr'>molestum</span> <span class='ocrx_word' id='word_1_310' title='bbox 874 3032 950 3087; x_wconf 90' lang='lat' dir='ltr'>sit</span> <span class='ocrx_word' id='word_1_311' title='bbox 977 3049 1307 3088; x_wconf 84' lang='lat' dir='ltr'>enumerare</span> <span class='ocrx_word' id='word_1_312' title='bbox 1335 3031 1660 3087; x_wconf 87' lang='lat' dir='ltr'>sententias.</span> <span class='ocrx_word' id='word_1_313' title='bbox 1746 3028 1897 3085; x_wconf 93' lang='lat' dir='ltr'>Nam</span> 
     </span>
     <span class='ocr_line' id='line_1_40' title="bbox 215 3106 1898 3188; baseline -0.003 -18"><span class='ocrx_word' id='word_1_314' title='bbox 215 3117 276 3173; x_wconf 85' lang='lat' dir='ltr'>et</span> <span class='ocrx_word' id='word_1_315' title='bbox 318 3111 391 3169; x_wconf 87' lang='lat' dir='ltr'>de</span> <span class='ocrx_word' id='word_1_316' title='bbox 433 3110 632 3188; x_wconf 89' lang='lat' dir='ltr'>figuris</span> <span class='ocrx_word' id='word_1_317' title='bbox 673 3110 913 3167; x_wconf 87' lang='lat' dir='ltr'>deorum</span> <span class='ocrx_word' id='word_1_318' title='bbox 957 3116 1016 3167; x_wconf 88' lang='lat' dir='ltr'>et</span> <span class='ocrx_word' id='word_1_319' title='bbox 1058 3110 1130 3165; x_wconf 88' lang='lat' dir='ltr'>de</span> <span class='ocrx_word' id='word_1_320' title='bbox 1170 3108 1313 3165; x_wconf 89' lang='lat' dir='ltr'>locis</span> <span class='ocrx_word' id='word_1_321' title='bbox 1356 3116 1528 3185; x_wconf 87' lang='lat' dir='ltr'>atque</span> <span class='ocrx_word' id='word_1_322' title='bbox 1570 3106 1800 3164; x_wconf 90' lang='lat' dir='ltr'>sedibus</span> <span class='ocrx_word' id='word_1_323' title='bbox 1840 3115 1898 3165; x_wconf 90' lang='lat' dir='ltr'>et</span> 
     </span>
     <span class='ocr_line' id='line_1_41' title="bbox 217 3186 1899 3265; baseline -0.002 -16"><span class='ocrx_word' id='word_1_324' title='bbox 217 3191 444 3249; x_wconf 87' lang='lat' dir='ltr'>actione</span> <span class='ocrx_word' id='word_1_325' title='bbox 472 3192 622 3247; x_wconf 74' lang='lat' dir='ltr'>vitae</span> <span class='ocrx_word' id='word_1_326' title='bbox 649 3188 832 3245; x_wconf 86' lang='lat' dir='ltr'>mult-a</span> <span class='ocrx_word' id='word_1_327' title='bbox 864 3188 1151 3257; x_wconf 89' lang='lat' dir='ltr'>dicuntur,</span> <span class='ocrx_word' id='word_1_328' title='bbox 1174 3187 1359 3265; x_wconf 88' lang='lat' dir='ltr'>deque</span> <span class='ocrx_word' id='word_1_329' title='bbox 1392 3188 1484 3243; x_wconf 91' lang='lat' dir='ltr'>his</span> <span class='ocrx_word' id='word_1_330' title='bbox 1518 3205 1743 3244; x_wconf 89' lang='lat' dir='ltr'>summa</span> <span class='ocrx_word' id='word_1_331' title='bbox 1774 3186 1899 3261; x_wconf 86' lang='lat' dir='ltr'>phi-</span> 
     </span>
    </p>
   </div>
   <div class='ocr_carea' id='block_1_6' title="bbox 2171 425 2180 1366">
    <p class='ocr_par' dir='ltr' id='par_1_6' title="bbox 2171 425 2180 1366">
     <span class='ocr_line' id='line_1_42' title="bbox 2171 425 2180 1366; baseline 0 0"><span class='ocrx_word' id='word_1_332' title='bbox 2171 425 2180 1366; x_wconf 95' lang='lat' dir='ltr'> </span> 
     </span>
    </p>
   </div>
  </div>
 </body>
</html>
