2199 3546
253 136 349 185 182
681 138 684 141 ’
769 134 870 185 DE
906 132 1413 185 DIVINATIONE.

169 279 173 283 ψ
250 237 408 297 facta
433 233 708 295 deductio
735 242 838 295 est.
923 234 1076 294 Cum
1103 242 1298 294 autem
1319 233 1597 295 Veientes
1620 234 1775 294 bello
1801 236 1941 297 fessi

249 316 472 395 legatos
513 316 590 373 ad
629 322 890 375 senatum
938 316 1247 387 misissent,
1283 322 1411 373 tum
1456 334 1525 373 ex
1569 315 1661 373 his
1704 316 1941 393 quidam

247 396 460 455 dixisse
495 395 708 454 dicitur
738 415 858 453 non
893 396 1088 453 omnia
1128 394 1295 452 illum
1337 396 1699 472 transfugam
1736 414 1941 455 ausum
2140 416 2143 499 y

247 496 372 534 esse
405 476 630 534 senatui
671 475 894 534 dicere:
938 476 996 532 in
1040 474 1248 533 iisdem
1280 474 1437 533 enim
1480 476 1619 533 fatis
1662 475 1939 554 scriptum

250 556 528 615 Veientes
558 554 770 614 habere
799 556 834 583 ‘⁴
847 556 976 613 fore
1004 562 1072 612 ut
1102 553 1264 613 brevi
1296 573 1333 611 a
1356 552 1538 612 Gallis
1565 554 1755 612 Roma
1781 574 1944 633 cape-
2142 527 2144 591 l

249 635 459 708 retur,''
484 636 644 713 quod
671 635 906 713 quidem
936 634 1209 693 sexennio
1237 641 1371 712 post
1391 634 1572 693 Veios
1593 642 1794 713 captos
1820 654 1941 694 esse
2144 639 2146 669 ¹

250 717 472 775 factum
519 715 796 773 videmus.
881 713 1065 773 XLV.
1142 720 1274 772 101.
1326 714 1511 791 Saepe
1557 714 1733 772 etiam
1777 721 1839 772 et
1878 716 1940 773 in

249 795 484 873 proeliis
516 795 698 853 Fauni
739 794 926 853 auditi
965 800 1026 853 et
1065 794 1129 851 in
1168 794 1339 851 rebus
1378 794 1627 851 turbidis
1658 793 1941 854 veridicae

250 894 420 933 voces
445 892 516 933 ex
545 875 772 934 occulto
799 875 1008 933 missae
1037 893 1159 933 esse
1188 873 1473 933 dicuntur.
1559 872 1742 931 Cuius
1772 890 1943 951 gene—

250 955 328 1012 ris
356 954 474 1013 duo
503 962 640 1013 sunt
671 974 742 1013 ex
773 954 972 1013 multis
1001 954 1280 1031 exempla,
1306 954 1407 1011 sed
1434 954 1703 1013 maxima.
1786 952 1940 1013 Nam

250 1026 369 1092 n'on
409 1034 596 1093 multo
629 1042 763 1093 ante
801 1035 1004 1093 urbem
1046 1042 1274 1113 captam
1320 1034 1588 1092 exaudita
1628 1052 1741 1091 vox
1782 1040 1873 1091 est
1904 1052 1943 1093 a

249 1113 381 1172 luco
399 1114 640 1184 Vestae,
665 1114 765 1191 qui
798 1133 834 1171 a
859 1114 1069 1173 Palatii
1103 1114 1294 1172 radice
1326 1114 1388 1171 in
1420 1132 1631 1171 novam
1662 1113 1817 1171 viam
1845 1112 1941 1172 de-

250 1212 427 1251 vexus
454 1200 557 1265 est,
591 1193 711 1251 “ut
735 1194 887 1252 muri
919 1202 980 1252 et
1006 1201 1208 1272 portae
1236 1193 1635 1251 reficerentur:
1676 1193 1941 1251 futurum

250 1292 392 1345 esse,
415 1272 528 1331 nisi
555 1271 850 1351 provisum
871 1281 1036 1347 esset,
1060 1282 1129 1332 ut
1148 1273 1339 1331 Roma
1358 1272 1709 1351 caperetur.”
1767 1271 1941 1342 Quod

249 1353 593 1431 neglectum,
623 1372 756 1412 cum
790 1354 976 1412 caveri
1008 1360 1253 1431 poterat,
1286 1361 1420 1431 post
1452 1360 1747 1429 acceptam
1782 1352 1940 1411 illam

250 1434 560 1492 maximam
588 1434 809 1493 cladem
835 1434 1133 1511 expiatum
1163 1440 1265 1491 est.
1349 1435 1473 1491 Ara
1498 1432 1655 1490 enim
1682 1433 1801 1490 Aio
1834 1432 1943 1491 Lo-

252 1514 469 1591 quenti,
520 1533 689 1592 quam
755 1520 1011 1592 saeptam
1066 1512 1347 1585 videmuS,
1406 1512 1749 1571 exadversus
1806 1530 1941 1571 eum

250 1592 442 1652 locum
469 1600 800 1653 consecrata
823 1600 926 1651 est.
997 1593 1195 1670 Atque
1224 1592 1399 1651 etiam
1428 1592 1708 1669 scriptum
1735 1611 1771 1650 a
1796 1592 1943 1650 rnul-

249 1673 328 1731 tis
353 1679 460 1746 est,
481 1692 613 1731 cum
641 1680 824 1731 terrae
849 1680 1046 1732 motus
1072 1674 1263 1731 factus
1290 1678 1455 1744 esset,
1488 1671 1523 1700 ‘⁴
1541 1679 1609 1730 ut
1636 1690 1737 1730 sue
1769 1672 1943 1750 plena

250 1752 578 1831 procuratio
620 1752 756 1812 fiere
803 1752 838 1782 ''
872 1771 1074 1812 vocem
1116 1750 1190 1812 ab
1231 1752 1373 1812 aede
1412 1752 1655 1811 Iunonis
1698 1770 1770 1811 ex
1810 1770 1941 1812 arce

251 1833 568 1892 exstitisse:
611 1834 880 1912 quocirca
918 1833 1202 1892 Iunonem
1244 1831 1403 1890 illam
1434 1833 1781 1910 appellatam
1816 1831 1943 1892 Mo-

249 1920 460 1972 netam.
545 1913 708 1972 Haec
739 1913 920 1992 igitur
951 1921 1012 1973 et
1037 1933 1074 1972 a
1101 1912 1193 1971 dis
1226 1911 1551 1990 significata
1572 1919 1633 1972 et
1664 1931 1699 1972 a
1724 1913 1942 1972 nostris

251 1992 568 2052 maioribus
594 1993 850 2052 iudicata
873 1993 1337 2052 contemnimus?

333 2078 466 2131 102.
501 2073 706 2151 Neque
721 2073 910 2132 solum
927 2073 1168 2132 deorum
1184 2091 1354 2131 voces
1374 2070 1729 2151 Pythagorei
1750 2071 1943 2130 obser-

247 2152 588 2224 vitaverunt,
619 2152 722 2211 sed
753 2153 929 2210 etiam
961 2153 1269 2212 hominum
1302 2171 1449 2230 quae
1480 2159 1691 2211 vocant
1722 2152 1938 2211 omina.

239 2231 411 2302 Quae
451 2233 698 2292 maiores
739 2233 925 2291 nostri
966 2233 1103 2310 quia
1135 2233 1321 2291 valere
1360 2231 1685 2302 censebant,
1722 2231 1941 2292 idcirco

249 2311 520 2370 omnibus
561 2311 734 2370 rebus
777 2311 1056 2392 agendis:
1109 2311 1338 2382 “Quod
1382 2311 1623 2385 bonum,
1658 2313 1939 2385 faustum,

247 2391 392 2450 felix
431 2392 910 2470 fortunatumque
949 2390 1157 2464 esset‚”
1190 2391 1618 2469 praefabantur,
1654 2392 1942 2471 rebusque

245 2471 476 2543 divinis,
509 2489 654 2549 quae
691 2470 923 2565 publice
957 2471 1183 2544 fierent,
1212 2478 1282 2530 ut
1314 2471 1351 2500 “
1366 2472 1629 2530 faverent
1670 2471 1885 2551 linguis
1902 2471 1941 2502 ’⁹

247 2550 653 2628 imperabatur,
687 2569 864 2629 mque
889 2548 1058 2610 feriis
1093 2549 1451 2629 imperandis
1482 2558 1552 2610 ut
1584 2549 1841 2610 “litibus
1880 2558 1945 2611 et

247 2631 452 2708 iurgiis
483 2649 546 2690 se
573 2630 983 2691 abstinerent.”
1065 2629 1335 2708 Itemque
1364 2631 1427 2688 in
1463 2631 1759 2690 lustranda
1788 2631 1944 2690 colo.-

249 2709 348 2768 nia
375 2710 451 2768 ab
477 2729 568 2783 eo,
596 2711 696 2788 qui
729 2729 857 2770 eam
887 2711 1217 2781 deduceret,
1248 2716 1308 2769 et
1335 2729 1467 2769 cum
1500 2711 1817 2788 imperator
1848 2729 1945 2770 ex-

249 2789 507 2862 emitum,
538 2809 739 2852 censor
764 2789 1062 2868 populum·
1089 2791 1373 2863 lustraret,
1405 2789 1573 2848 bonis
1605 2789 1944 2850 nominibus

251 2869 351 2946 qui
377 2867 596 2930 hostias
621 2870 898 2929 ducerent
923 2869 1299 2948 eligebantur.
1372 2869 1547 2940 Quod
1580 2870 1734 2930 idem
1764 2871 1827 2929 in
1854 2870 1944 2928 di-

249 2947 400 3007 lectu
441 2950 704 3008 consules
744 2948 1064 3021 observant,
1083 2956 1155 3008 ut
1186 2949 1411 3026 primus
1450 2950 1617 3008 miles
1644 2950 1751 3022 fiat
1780 2950 1942 3008 bono

249 3028 500 3087 nomine.
587 3034 720 3088 103.
757 3028 920 3099 Quae
951 3027 1189 3107 quidem
1224 3049 1261 3086 a
1290 3036 1350 3088 te
1382 3029 1493 3088 scis
1526 3037 1587 3088 et
1614 3029 1847 3092 consule
1880 3035 1943 3096 et

249 3107 596 3184 imperatore
621 3125 849 3168 summa
873 3108 1155 3187 religione
1182 3127 1304 3168 esse
1322 3115 1561 3170 servata.
1630 3105 1943 3186 Praeroga-

247 3185 429 3244 tivam
455 3187 632 3247 etiam
656 3186 906 3250 maiores
923 3205 1101 3250 omen
1116 3187 1405 3250 iustorum
1424 3185 1797 3252 comitiorum
1816 3205 1943 3250 esse

1733 3451 2166 3499 aum&
