2199 3546
458 153 598 203 LIB.
625 153 720 214 IL,
750 153 906 204 CAP.
935 154 1510 217 XXXVI.-XXXIX.,
1539 153 1568 214 ξ
1600 155 1777 204 77-83.
1866 155 1963 202 225

276 273 420 332 quae
447 253 706 311 volucres
733 253 846 311 huc
875 261 932 311 et
960 254 1096 312 illuc
1126 255 1337 331 passim
1362 261 1633 331 vagantes
1662 253 1870 312 efficiat
1896 260 1964 310 ut

274 333 601 412 significent
633 333 849 410 aliquid
884 341 942 391 ct
976 342 1103 392 tum
1134 342 1327 392 vetent
1360 354 1542 412 agere,
1567 342 1693 392 tum
1727 334 1965 392 iubeant

273 425 374 473 aut
401 422 574 471 cantu
609 421 708 470 aut
737 414 967 471 volatu?
1049 413 1169 471 Cur
1195 423 1386 471 autem
1421 415 1545 472 aliis
1580 435 1613 472 a
1639 415 1812 486 laeva,
1838 413 1963 471 aliis

273 515 308 552 a
334 495 536 552 dextra
568 493 768 550 datum
803 501 890 550 est
916 493 1118 551 avibus
1150 501 1216 551 ut
1246 503 1432 551 ratum
1468 495 1785 571 auspicium
1815 494 1964 551 face-

273 594 334 632 re
360 574 625 650 possint?
707 573 836 642 Quo
871 573 1046 630 modo
1075 582 1267 631 autem
1298 573 1437 632 haec
1470 581 1569 631 aut
1598 573 1829 651 quando
1864 580 1964 631 aut

272 673 307 712 a
348 652 558 732 quibus
600 653 832 710 inventa
872 653 1167 711 dicemus?
1248 653 1475 712 Etrusci
1516 662 1709 711 tamen
1749 652 1963 711 habent

273 740 567 792 exaratum
610 752 849 810 puerum
892 741 1184 791 auctorem
1228 733 1561 810 disciplinae
1604 752 1753 792 suae.
1839 732 1963 790 Nos

275 814 486 891 quem?
567 812 852 870 Attumne
887 812 1175 870 Navium?
1258 813 1341 870 At
1368 813 1589 890 aliquot
1622 813 1786 870 annis
1820 814 1964 870 anti-

273 894 443 970 quior
476 892 757 950 Romulus
799 899 858 950 et
890 892 1122 963 Remus,
1148 892 1319 950 ambo
1362 913 1621 969 augureS‚
1648 900 1713 950 ut
1747 893 1963 970 accepi-

273 993 416 1030 mus,
503 972 599 1029 An
629 973 956 1030 Pisidarum
985 980 1084 1030 aut
1114 972 1359 1030 Cilicum
1390 980 1491 1030 aut
1519 973 1821 1050 Phrygum
1851 973 1964 1030 ista

273 1053 508 1110 inventa
540 1052 833 1109 dicemus?
915 1051 1113 1110 Placet
1147 1053 1325 1129 igitur
1356 1052 1731 1111 humanitatis
1770 1072 1964 1130 exper-

271 1140 360 1190 tes
395 1132 604 1189 habere
638 1132 958 1189 divinitatis
999 1134 1297 1191 auctores?
1378 1132 1667 1192 XXXIX.
1756 1139 1847 1191 81.
1879 1133 1965 1191 At

273 1231 474 1269 omnes
495 1231 673 1288 regeS‚
687 1212 906 1289 populi,
929 1214 1189 1270 nationes
1211 1220 1453 1271 utuntur
1473 1214 1756 1291 auspiciis,
1817 1213 1965 1282 Qua-

273 1293 322 1349 si
355 1311 490 1350 vero
534 1292 840 1369 quicquam
883 1293 959 1349 sit
994 1300 1116 1350 tam
1159 1293 1321 1350 valde
1365 1312 1535 1370 quam
1579 1293 1724 1351 nihil
1767 1313 1963 1370 sapere

273 1372 506 1449 vulgare
539 1379 639 1429 aut
667 1373 828 1448 quasi
856 1372 966 1430 tibi
993 1373 1105 1450 ipsi
1134 1373 1195 1429 in
1229 1373 1540 1430 iudicando
1574 1373 1795 1450 placeat
1821 1374 1965 1431 mul-

272 1452 499 1511 titudo!
586 1451 810 1520 Quotus
853 1453 1094 1530 quisque
1137 1460 1225 1509 est
1258 1453 1357 1530 qui
1390 1453 1748 1529 voluptatem
1790 1461 1964 1530 neget

273 1551 396 1590 esse
427 1531 685 1590 bonum?
767 1531 1034 1609 Plerique
1077 1533 1251 1590 etiam
1294 1551 1583 1589 summum
1618 1532 1838 1590 bonum
1880 1534 1965 1593 di-

273 1619 428 1670 cunt.
516 1612 674 1670 Num
708 1613 888 1690 igitur
920 1632 1119 1670 eorum
1153 1613 1479 1690 frequentia
1512 1612 1693 1670 Stoici
1728 1613 1800 1671 de
1843 1633 1965 1671 sen-

271 1692 458 1750 tentia
498 1692 892 1750 deterrentur?
933 1699 1034 1750 aut
1074 1712 1216 1750 num
1249 1693 1536 1770 plerisque
1569 1693 1630 1750 in
1672 1693 1842 1751 rebus
1884 1714 1966 1751 sc-

275 1772 472 1851 quitur
499 1792 696 1831 eorum
725 1773 1126 1831 auctoritatem
1155 1773 1508 1831 multitudo?
1576 1773 1731 1843 Quid
1752 1775 1961 1832 mirum

274 1854 468 1931 igitur,
491 1854 539 1910 si
561 1853 621 1910 in
651 1853 919 1931 auspiciis
949 1861 1007 1911 et
1030 1855 1088 1910 in
1121 1854 1281 1911 omni
1309 1854 1662 1911 divinatione
1693 1854 1963 1912 imbecilli

273 1934 455 1991 animi
495 1934 894 2011 superstitiosa
926 1933 1037 1991 ista
1077 1934 1423 2011 concipiant,
1445 1953 1641 1991 verum
1685 1935 1964 2011 dispicere

273 2033 391 2071 non
415 2014 680 2091 possint?
742 2020 834 2071 82.
866 2013 1026 2082 Quae
1055 2022 1248 2072 autem
1278 2021 1365 2071 est
1386 2014 1537 2071 inter
1564 2033 1806 2090 augures
1834 2034 1965 2072 con-

273 2094 508 2152 veniens
537 2102 595 2151 et
622 2094 931 2151 coniuncta
959 2094 1319 2152 constantia?
1401 2094 1500 2152 Ad
1530 2094 1712 2151 nostri
1740 2096 1966 2172 augurii

273 2174 752 2231 consuetudinem
782 2173 930 2231 dixit
960 2173 1215 2232 Ennius:

512 2296 638 2345 Cum
664 2296 824 2345 tonuit
846 2294 1040 2345 laevum
1065 2296 1191 2345 bene
1215 2305 1505 2360 tempestate
1529 2312 1717 2349 serena.

273 2407 362 2465 At
388 2407 734 2466 Homericus
761 2408 913 2465 Aiax
941 2409 1097 2485 apud
1126 2408 1411 2467 Achillem
1444 2430 1685 2488 querens
1719 2411 1791 2469 dc
1819 2412 1967 2470 fero-

273 2488 450 2546 citate
478 2488 858 2545 Troianorum
885 2488 1079 2546 nescio
1110 2489 1249 2567 quid
1280 2490 1389 2547 hoc
1418 2491 1594 2548 modo
1622 2491 1883 2549 nuntiat:

499 2610 744 2673 Prospera
767 2610 990 2673 Iuppiter
1011 2609 1089 2658 his
1113 2610 1305 2659 dextris
1330 2610 1597 2672 fulgoribus
1622 2612 1740 2662 edit.

274 2720 368 2779 Ita
399 2720 568 2779 nobis
602 2721 833 2779 sinistra
860 2720 1145 2793 videntur,
1169 2721 1357 2780 Graiis
1390 2730 1449 2781 et
1481 2722 1733 2781 barbaris
1767 2723 1967 2782 dextra

273 2800 530 2858 meliora.
619 2800 981 2878 Quamquam
1026 2802 1182 2860 haud
1222 2803 1427 2880 ignoro
1471 2823 1615 2881 quae
1654 2803 1810 2861 bona
1850 2805 1966 2862 sint

274 2881 508 2938 sinistra
538 2900 646 2937 nos
679 2882 883 2952 dicere,
909 2882 1082 2939 etiam
1126 2882 1176 2939 si
1209 2883 1408 2941 dextra
1449 2886 1580 2941 sint.
1666 2882 1781 2941 Sed
1814 2891 1965 2942 certe

274 2961 460 3017 nostri
493 2959 788 3019 sinistrum
833 2962 1273 3020 nominaverunt
1305 2964 1637 3040 externique
1680 2963 1961 3035 dextrum,

277 3040 416 3117 quia
434 3040 771 3118 plerumque
793 3040 996 3098 melius
1019 3041 1080 3098 id
1104 3041 1417 3100 videbatur.
1491 3048 1582 3100 83.
1608 3042 1769 3100 Haec
1792 3062 1965 3119 quan-

280 3128 340 3179 ta
371 3120 651 3178 dissensio
686 3121 804 3178 est!
889 3119 1080 3188 Quid?
1123 3121 1280 3198 quod
1314 3122 1439 3178 aliis
1472 3121 1671 3178 avibus
1704 3129 1961 3193 utuntur,

277 3199 405 3279 aliis
439 3200 635 3277 signiS,
661 3201 824 3258 aliter
867 3200 1188 3271 observant,
1213 3201 1323 3258 alia
1362 3200 1747 3278 respondent?
1828 3202 1886 3259 Ν
1888 3222 1962 3260 on

1698 3484 1856 3498 .-,-”
