<?xml version="1.0" encoding="UTF-8"?>
<!DOCTYPE html PUBLIC "-//W3C//DTD XHTML 1.0 Transitional//EN"
    "http://www.w3.org/TR/xhtml1/DTD/xhtml1-transitional.dtd">
<html xmlns="http://www.w3.org/1999/xhtml" xml:lang="en" lang="en">
 <head>
  <title>
</title>
<meta http-equiv="Content-Type" content="text/html;charset=utf-8" />
  <meta name='ocr-system' content='tesseract 3.04.00' />
  <meta name='ocr-capabilities' content='ocr_page ocr_carea ocr_par ocr_line ocrx_word'/>
</head>
<body>
  <div class='ocr_page' id='page_1' title='image "./denaturadeorumd00cicegoog_0229.png"; bbox 0 0 2199 3546; ppageno 0'>
   <div class='ocr_carea' id='block_1_1' title="bbox 498 159 1987 226">
    <p class='ocr_par' dir='ltr' id='par_1_1' title="bbox 498 159 1987 226">
     <span class='ocr_line' id='line_1_1' title="bbox 498 159 1987 226; baseline 0.001 -15"><span class='ocrx_word' id='word_1_1' title='bbox 498 161 638 211; x_wconf 84' lang='lat' dir='ltr'><strong>LIB.</strong></span> <span class='ocrx_word' id='word_1_2' title='bbox 671 161 767 222; x_wconf 91' lang='lat'>11.‚</span> <span class='ocrx_word' id='word_1_3' title='bbox 800 160 956 213; x_wconf 81' lang='lat' dir='ltr'>CAP.</span> <span class='ocrx_word' id='word_1_4' title='bbox 995 160 1523 226; x_wconf 71' lang='lat' dir='ltr'>xxw11.-xxxl.,</span> <span class='ocrx_word' id='word_1_5' title='bbox 1546 159 1577 222; x_wconf 58' lang='grc' dir='ltr'><strong>ᾗ</strong></span> <span class='ocrx_word' id='word_1_6' title='bbox 1604 163 1785 213; x_wconf 83' lang='grc'><strong>61-66.</strong></span> <span class='ocrx_word' id='word_1_7' title='bbox 1877 164 1987 213; x_wconf 71' lang='lat' dir='ltr'>me</span> 
     </span>
    </p>
   </div>
   <div class='ocr_carea' id='block_1_2' title="bbox 307 259 1955 1954">
    <p class='ocr_par' dir='ltr' id='par_1_2' title="bbox 425 259 1955 1093">
     <span class='ocr_line' id='line_1_2' title="bbox 433 259 1955 325; baseline 0 -15"><span class='ocrx_word' id='word_1_8' title='bbox 433 260 667 322; x_wconf 81' lang='lat' dir='ltr'>Namque</span> <span class='ocrx_word' id='word_1_9' title='bbox 687 273 860 308; x_wconf 85' lang='lat' dir='ltr'>omnes</span> <span class='ocrx_word' id='word_1_10' title='bbox 883 259 1092 309; x_wconf 83' lang='lat' dir='ltr'>memori</span> <span class='ocrx_word' id='word_1_11' title='bbox 1108 266 1391 322; x_wconf 76' lang='lat' dir='ltr'>portentum</span> <span class='ocrx_word' id='word_1_12' title='bbox 1404 267 1577 311; x_wconf 79' lang='lat' dir='ltr'>mente</span> <span class='ocrx_word' id='word_1_13' title='bbox 1597 267 1863 325; x_wconf 78' lang='lat' dir='ltr'>retentant,</span> <span class='ocrx_word' id='word_1_14' title='bbox 1950 290 1955 297; x_wconf 86' lang='lat'><em>-</em></span> 
     </span>
     <span class='ocr_line' id='line_1_3' title="bbox 425 324 1525 389; baseline 0.005 -22"><span class='ocrx_word' id='word_1_15' title='bbox 425 326 536 385; x_wconf 64' lang='lat' dir='ltr'>‚Qui</span> <span class='ocrx_word' id='word_1_16' title='bbox 556 339 657 373; x_wconf 90' lang='lat' dir='ltr'>nou</span> <span class='ocrx_word' id='word_1_17' title='bbox 681 324 898 378; x_wconf 75' lang='lat' dir='ltr'>funestis,</span> <span class='ocrx_word' id='word_1_18' title='bbox 911 325 1161 389; x_wconf 89' lang='lat' dir='ltr'>liquerunt</span> <span class='ocrx_word' id='word_1_19' title='bbox 1183 324 1371 373; x_wconf 80' lang='lat' dir='ltr'>lumina</span> <span class='ocrx_word' id='word_1_20' title='bbox 1393 324 1525 374; x_wconf 80' lang='lat' dir='ltr'>fatis.</span> 
     </span>
     <span class='ocr_line' id='line_1_4' title="bbox 437 390 1743 453; baseline 0.002 -16"><span class='ocrx_word' id='word_1_21' title='bbox 437 390 686 449; x_wconf 84' lang='lat' dir='ltr'>Argolicis</span> <span class='ocrx_word' id='word_1_22' title='bbox 707 390 921 453; x_wconf 86' lang='lat' dir='ltr'>primurn</span> <span class='ocrx_word' id='word_1_23' title='bbox 948 398 1002 437; x_wconf 92' lang='lat' dir='ltr'>ut</span> <span class='ocrx_word' id='word_1_24' title='bbox 1025 392 1201 439; x_wconf 77' lang='lat' dir='ltr'>vestita</span> <span class='ocrx_word' id='word_1_25' title='bbox 1222 401 1298 439; x_wconf 88' lang='lat' dir='ltr'>est</span> <span class='ocrx_word' id='word_1_26' title='bbox 1320 391 1557 439; x_wconf 84' lang='lat' dir='ltr'>classibus</span> <span class='ocrx_word' id='word_1_27' title='bbox 1579 390 1743 452; x_wconf 88' lang='lat' dir='ltr'>Aulis,</span> 
     </span>
     <span class='ocr_line' id='line_1_5' title="bbox 436 455 1855 520; baseline 0.001 -17"><span class='ocrx_word' id='word_1_28' title='bbox 436 455 577 515; x_wconf 86' lang='lat' dir='ltr'>Quae</span> <span class='ocrx_word' id='word_1_29' title='bbox 599 456 804 503; x_wconf 80' lang='lat' dir='ltr'>Priamo</span> <span class='ocrx_word' id='word_1_30' title='bbox 823 455 1014 503; x_wconf 76' lang='lat' dir='ltr'>cladem</span> <span class='ocrx_word' id='word_1_31' title='bbox 1038 464 1090 503; x_wconf 92' lang='lat' dir='ltr'>et</span> <span class='ocrx_word' id='word_1_32' title='bbox 1106 455 1287 505; x_wconf 82' lang='lat' dir='ltr'><strong>Troiae</strong></span> <span class='ocrx_word' id='word_1_33' title='bbox 1304 465 1593 519; x_wconf 80' lang='lat' dir='ltr'><strong>pestemque</strong></span> <span class='ocrx_word' id='word_1_34' title='bbox 1610 457 1855 520; x_wconf 81' lang='lat' dir='ltr'>ferebant,</span> 
     </span>
     <span class='ocr_line' id='line_1_6' title="bbox 433 520 1620 583; baseline 0.001 -14"><span class='ocrx_word' id='word_1_35' title='bbox 433 520 547 569; x_wconf 84' lang='lat' dir='ltr'>Nos</span> <span class='ocrx_word' id='word_1_36' title='bbox 563 522 752 569; x_wconf 84' lang='lat' dir='ltr'>circum</span> <span class='ocrx_word' id='word_1_37' title='bbox 775 520 942 568; x_wconf 86' lang='lat' dir='ltr'>latices</span> <span class='ocrx_word' id='word_1_38' title='bbox 964 520 1153 581; x_wconf 67' lang='lat' dir='ltr'>gelidos</span> <span class='ocrx_word' id='word_1_39' title='bbox 1176 520 1481 569; x_wconf 77' lang='lat' dir='ltr'><strong>fumantibus</strong></span> <span class='ocrx_word' id='word_1_40' title='bbox 1503 522 1620 583; x_wconf 85' lang='lat' dir='ltr'>aris,</span> 
     </span>
     <span class='ocr_line' id='line_1_7' title="bbox 435 585 1582 648; baseline -0.002 -13"><span class='ocrx_word' id='word_1_41' title='bbox 435 586 692 646; x_wconf 78' lang='lat' dir='ltr'>Aurigeris</span> <span class='ocrx_word' id='word_1_42' title='bbox 715 585 882 637; x_wconf 87' lang='lat' dir='ltr'>divum</span> <span class='ocrx_word' id='word_1_43' title='bbox 909 585 1159 647; x_wconf 82' lang='lat' dir='ltr'>placantes</span> <span class='ocrx_word' id='word_1_44' title='bbox 1180 587 1391 635; x_wconf 85' lang='lat' dir='ltr'>numina</span> <span class='ocrx_word' id='word_1_45' title='bbox 1411 587 1582 648; x_wconf 86' lang='lat' dir='ltr'>tauris,</span> 
     </span>
     <span class='ocr_line' id='line_1_8' title="bbox 435 650 1757 717; baseline 0.001 -17"><span class='ocrx_word' id='word_1_46' title='bbox 435 651 538 700; x_wconf 86' lang='lat' dir='ltr'>Sub</span> <span class='ocrx_word' id='word_1_47' title='bbox 560 651 762 714; x_wconf 83' lang='lat' dir='ltr'>platano</span> <span class='ocrx_word' id='word_1_48' title='bbox 782 650 1064 711; x_wconf 85' lang='lat' dir='ltr'>umbrifera,</span> <span class='ocrx_word' id='word_1_49' title='bbox 1083 651 1194 699; x_wconf 84' lang='lat' dir='ltr'>fons</span> <span class='ocrx_word' id='word_1_50' title='bbox 1216 652 1347 701; x_wconf 88' lang='lat' dir='ltr'>unde</span> <span class='ocrx_word' id='word_1_51' title='bbox 1369 660 1569 700; x_wconf 85' lang='lat' dir='ltr'>emanat</span> <span class='ocrx_word' id='word_1_52' title='bbox 1590 653 1757 717; x_wconf 71' lang='lat' dir='ltr'>aquai,</span> 
     </span>
     <span class='ocr_line' id='line_1_9' title="bbox 435 716 1623 778; baseline 0 -13"><span class='ocrx_word' id='word_1_53' title='bbox 435 716 668 765; x_wconf 85' lang='lat' dir='ltr'>Vidimus</span> <span class='ocrx_word' id='word_1_54' title='bbox 691 716 896 764; x_wconf 85' lang='lat' dir='ltr'>immani</span> <span class='ocrx_word' id='word_1_55' title='bbox 921 716 1082 777; x_wconf 83' lang='lat' dir='ltr'>specie</span> <span class='ocrx_word' id='word_1_56' title='bbox 1107 725 1343 778; x_wconf 89' lang='lat' dir='ltr'>tortuque·</span> <span class='ocrx_word' id='word_1_57' title='bbox 1358 717 1623 765; x_wconf 82' lang='lat' dir='ltr'><strong>draconem</strong></span> 
     </span>
     <span class='ocr_line' id='line_1_10' title="bbox 435 781 1671 845; baseline 0.002 -16"><span class='ocrx_word' id='word_1_58' title='bbox 435 781 744 838; x_wconf 78' lang='lat' dir='ltr'><strong>Terribilem,</strong></span> <span class='ocrx_word' id='word_1_59' title='bbox 767 782 898 829; x_wconf 80' lang='lat' dir='ltr'>Iovis</span> <span class='ocrx_word' id='word_1_60' title='bbox 923 791 977 828; x_wconf 87' lang='lat' dir='ltr'>ut</span> <span class='ocrx_word' id='word_1_61' title='bbox 1000 781 1145 843; x_wconf 81' lang='lat' dir='ltr'>pulsu</span> <span class='ocrx_word' id='word_1_62' title='bbox 1166 790 1448 845; x_wconf 86' lang='lat' dir='ltr'>penetraret</span> <span class='ocrx_word' id='word_1_63' title='bbox 1470 782 1533 830; x_wconf 87' lang='lat' dir='ltr'>ab</span> <span class='ocrx_word' id='word_1_64' title='bbox 1554 797 1671 831; x_wconf 87' lang='lat' dir='ltr'>ara:</span> 
     </span>
     <span class='ocr_line' id='line_1_11' title="bbox 437 846 1696 910; baseline 0.002 -17"><span class='ocrx_word' id='word_1_65' title='bbox 437 846 535 905; x_wconf 86' lang='lat' dir='ltr'>Qui</span> <span class='ocrx_word' id='word_1_66' title='bbox 547 847 747 909; x_wconf 82' lang='lat' dir='ltr'>platani</span> <span class='ocrx_word' id='word_1_67' title='bbox 767 846 820 893; x_wconf 86' lang='lat' dir='ltr'>in</span> <span class='ocrx_word' id='word_1_68' title='bbox 843 862 984 895; x_wconf 71' lang='lat' dir='ltr'>mmo</span> <span class='ocrx_word' id='word_1_69' title='bbox 1007 846 1240 895; x_wconf 80' lang='lat' dir='ltr'>foliorum</span> <span class='ocrx_word' id='word_1_70' title='bbox 1263 848 1481 907; x_wconf 79' lang='lat' dir='ltr'>tegmine</span> <span class='ocrx_word' id='word_1_71' title='bbox 1500 855 1696 910; x_wconf 84' lang='lat' dir='ltr'>saeptos</span> 
     </span>
     <span class='ocr_line' id='line_1_12' title="bbox 435 911 1695 976; baseline 0.001 -16"><span class='ocrx_word' id='word_1_72' title='bbox 435 912 688 975; x_wconf 81' lang='lat' dir='ltr'>Corripuit</span> <span class='ocrx_word' id='word_1_73' title='bbox 707 911 903 973; x_wconf 83' lang='lat' dir='ltr'>pullos:</span> <span class='ocrx_word' id='word_1_74' title='bbox 942 926 1069 976; x_wconf 89' lang='lat' dir='ltr'>quos</span> <span class='ocrx_word' id='word_1_75' title='bbox 1089 927 1206 961; x_wconf 89' lang='lat' dir='ltr'>cum</span> <span class='ocrx_word' id='word_1_76' title='bbox 1228 920 1544 961; x_wconf 84' lang='lat' dir='ltr'>consumeret</span> <span class='ocrx_word' id='word_1_77' title='bbox 1560 921 1695 974; x_wconf 86' lang='lat' dir='ltr'>octo,</span> 
     </span>
     <span class='ocr_line' id='line_1_13' title="bbox 435 976 1719 1040; baseline 0.002 -15"><span class='ocrx_word' id='word_1_78' title='bbox 435 977 584 1025; x_wconf 85' lang='lat' dir='ltr'>Nona</span> <span class='ocrx_word' id='word_1_79' title='bbox 605 992 751 1040; x_wconf 87' lang='lat' dir='ltr'>super</span> <span class='ocrx_word' id='word_1_80' title='bbox 772 976 984 1025; x_wconf 83' lang='lat' dir='ltr'>tremulo</span> <span class='ocrx_word' id='word_1_81' title='bbox 1004 978 1223 1037; x_wconf 79' lang='lat' dir='ltr'>genitrix</span> <span class='ocrx_word' id='word_1_82' title='bbox 1244 977 1477 1039; x_wconf 76' lang='lat' dir='ltr'>clangore</span> <span class='ocrx_word' id='word_1_83' title='bbox 1495 978 1719 1027; x_wconf 75' lang='lat' dir='ltr'><strong>volabat:</strong></span> 
     </span>
     <span class='ocr_line' id='line_1_14' title="bbox 437 1042 1555 1093; baseline 0.001 -2"><span class='ocrx_word' id='word_1_84' title='bbox 437 1042 534 1091; x_wconf 87' lang='lat' dir='ltr'>Cui</span> <span class='ocrx_word' id='word_1_85' title='bbox 556 1042 686 1091; x_wconf 84' lang='lat' dir='ltr'>serus</span> <span class='ocrx_word' id='word_1_86' title='bbox 709 1042 913 1090; x_wconf 84' lang='lat' dir='ltr'>immani</span> <span class='ocrx_word' id='word_1_87' title='bbox 935 1042 1141 1091; x_wconf 76' lang='lat' dir='ltr'>laniavit</span> <span class='ocrx_word' id='word_1_88' title='bbox 1162 1043 1352 1092; x_wconf 79' lang='lat' dir='ltr'>viscera</span> <span class='ocrx_word' id='word_1_89' title='bbox 1372 1058 1555 1093; x_wconf 87' lang='lat' dir='ltr'>morsu.</span> 
     </span>
    </p>

    <p class='ocr_par' dir='ltr' id='par_1_3' title="bbox 307 1098 1881 1954">
     <span class='ocr_line' id='line_1_15' title="bbox 307 1098 1881 1173; baseline 0.003 -22"><span class='ocrx_word' id='word_1_90' title='bbox 307 1098 402 1153; x_wconf 86' lang='lat'>64.</span> <span class='ocrx_word' id='word_1_91' title='bbox 439 1108 606 1168; x_wconf 84' lang='lat' dir='ltr'>Hunc,</span> <span class='ocrx_word' id='word_1_92' title='bbox 628 1108 713 1156; x_wconf 90' lang='lat' dir='ltr'>ubi</span> <span class='ocrx_word' id='word_1_93' title='bbox 737 1115 840 1155; x_wconf 87' lang='lat' dir='ltr'>tam</span> <span class='ocrx_word' id='word_1_94' title='bbox 864 1116 1058 1156; x_wconf 83' lang='lat' dir='ltr'>teneros</span> <span class='ocrx_word' id='word_1_95' title='bbox 1082 1108 1304 1156; x_wconf 69' lang='lat' dir='ltr'>volucres</span> <span class='ocrx_word' id='word_1_96' title='bbox 1326 1117 1634 1172; x_wconf 86' lang='lat' dir='ltr'>matremque</span> <span class='ocrx_word' id='word_1_97' title='bbox 1656 1107 1881 1173; x_wconf 75' lang='lat' dir='ltr'><strong>peremit,</strong></span> 
     </span>
     <span class='ocr_line' id='line_1_16' title="bbox 435 1171 1566 1233; baseline 0.003 -14"><span class='ocrx_word' id='word_1_98' title='bbox 435 1172 535 1233; x_wconf 85' lang='lat' dir='ltr'>Qui</span> <span class='ocrx_word' id='word_1_99' title='bbox 558 1171 655 1221; x_wconf 90' lang='lat' dir='ltr'>luci</span> <span class='ocrx_word' id='word_1_100' title='bbox 677 1172 914 1232; x_wconf 76' lang='lat' dir='ltr'>ediderat,</span> <span class='ocrx_word' id='word_1_101' title='bbox 933 1174 1131 1232; x_wconf 79' lang='lat' dir='ltr'>genitor</span> <span class='ocrx_word' id='word_1_102' title='bbox 1152 1174 1414 1221; x_wconf 77' lang='lat' dir='ltr'>Saturnius</span> <span class='ocrx_word' id='word_1_103' title='bbox 1432 1174 1566 1223; x_wconf 86' lang='lat' dir='ltr'>idem</span> 
     </span>
     <span class='ocr_line' id='line_1_17' title="bbox 435 1237 1507 1299; baseline 0.001 -13"><span class='ocrx_word' id='word_1_104' title='bbox 435 1237 647 1286; x_wconf 84' lang='lat' dir='ltr'>Abdidit</span> <span class='ocrx_word' id='word_1_105' title='bbox 667 1246 718 1287; x_wconf 88' lang='lat' dir='ltr'>et</span> <span class='ocrx_word' id='word_1_106' title='bbox 741 1237 866 1285; x_wconf 86' lang='lat' dir='ltr'>duro</span> <span class='ocrx_word' id='word_1_107' title='bbox 885 1237 1104 1286; x_wconf 81' lang='lat' dir='ltr'>firmavit</span> <span class='ocrx_word' id='word_1_108' title='bbox 1123 1240 1344 1299; x_wconf 83' lang='lat' dir='ltr'>tegmina</span> <span class='ocrx_word' id='word_1_109' title='bbox 1365 1254 1507 1288; x_wconf 85' lang='lat' dir='ltr'>saxo.</span> 
     </span>
     <span class='ocr_line' id='line_1_18' title="bbox 434 1302 1671 1355; baseline 0.002 -3"><span class='ocrx_word' id='word_1_110' title='bbox 434 1302 542 1352; x_wconf 85' lang='lat' dir='ltr'>Nos</span> <span class='ocrx_word' id='word_1_111' title='bbox 563 1310 728 1352; x_wconf 84' lang='lat' dir='ltr'>autem</span> <span class='ocrx_word' id='word_1_112' title='bbox 753 1303 915 1351; x_wconf 87' lang='lat' dir='ltr'>timidi</span> <span class='ocrx_word' id='word_1_113' title='bbox 938 1311 1127 1353; x_wconf 76' lang='lat' dir='ltr'>stantes</span> <span class='ocrx_word' id='word_1_114' title='bbox 1146 1305 1375 1353; x_wconf 85' lang='lat' dir='ltr'>mirabile</span> <span class='ocrx_word' id='word_1_115' title='bbox 1394 1312 1671 1355; x_wconf 87' lang='lat' dir='ltr'>monstrum</span> 
     </span>
     <span class='ocr_line' id='line_1_19' title="bbox 435 1368 1539 1418; baseline 0.001 -2"><span class='ocrx_word' id='word_1_116' title='bbox 435 1368 675 1417; x_wconf 86' lang='lat' dir='ltr'>Vidimus</span> <span class='ocrx_word' id='word_1_117' title='bbox 697 1369 750 1416; x_wconf 88' lang='lat' dir='ltr'>in</span> <span class='ocrx_word' id='word_1_118' title='bbox 771 1368 948 1416; x_wconf 91' lang='lat' dir='ltr'>mediis</span> <span class='ocrx_word' id='word_1_119' title='bbox 971 1369 1143 1417; x_wconf 87' lang='lat' dir='ltr'>divum</span> <span class='ocrx_word' id='word_1_120' title='bbox 1164 1370 1405 1418; x_wconf 78' lang='lat' dir='ltr'>versarier</span> <span class='ocrx_word' id='word_1_121' title='bbox 1426 1369 1539 1417; x_wconf 90' lang='lat' dir='ltr'>aris.</span> 
     </span>
     <span class='ocr_line' id='line_1_20' title="bbox 435 1432 1632 1483; baseline 0.001 -2"><span class='ocrx_word' id='word_1_122' title='bbox 435 1432 570 1481; x_wconf 86' lang='lat' dir='ltr'>Tum</span> <span class='ocrx_word' id='word_1_123' title='bbox 593 1432 804 1483; x_wconf 83' lang='lat' dir='ltr'>Calchas</span> <span class='ocrx_word' id='word_1_124' title='bbox 825 1434 948 1481; x_wconf 88' lang='lat' dir='ltr'>haec</span> <span class='ocrx_word' id='word_1_125' title='bbox 973 1440 1050 1483; x_wconf 88' lang='lat' dir='ltr'>est</span> <span class='ocrx_word' id='word_1_126' title='bbox 1071 1433 1248 1483; x_wconf 86' lang='lat' dir='ltr'>fidenti</span> <span class='ocrx_word' id='word_1_127' title='bbox 1270 1449 1389 1483; x_wconf 82' lang='lat' dir='ltr'>voce</span> <span class='ocrx_word' id='word_1_128' title='bbox 1410 1434 1632 1482; x_wconf 87' lang='lat' dir='ltr'>locutus:</span> 
     </span>
     <span class='ocr_line' id='line_1_21' title="bbox 435 1496 1729 1562; baseline 0.002 -16"><span class='ocrx_word' id='word_1_129' title='bbox 435 1499 685 1558; x_wconf 78' lang='lat' dir='ltr'>Quidnam</span> <span class='ocrx_word' id='word_1_130' title='bbox 710 1506 958 1561; x_wconf 77' lang='lat' dir='ltr'>torpentes</span> <span class='ocrx_word' id='word_1_131' title='bbox 980 1498 1143 1547; x_wconf 84' lang='lat' dir='ltr'>subito</span> <span class='ocrx_word' id='word_1_132' title='bbox 1165 1499 1489 1562; x_wconf 83' lang='lat' dir='ltr'>obstipuistis,</span> <span class='ocrx_word' id='word_1_133' title='bbox 1510 1496 1729 1548; x_wconf 77' lang='lat' dir='ltr'>Achivi?</span> 
     </span>
     <span class='ocr_line' id='line_1_22' title="bbox 435 1564 1679 1627; baseline -0.002 -14"><span class='ocrx_word' id='word_1_134' title='bbox 435 1564 594 1613; x_wconf 84' lang='lat' dir='ltr'>Nobis</span> <span class='ocrx_word' id='word_1_135' title='bbox 616 1564 742 1612; x_wconf 86' lang='lat' dir='ltr'>haec</span> <span class='ocrx_word' id='word_1_136' title='bbox 759 1573 990 1627; x_wconf 74' lang='lat' dir='ltr'>portenta</span> <span class='ocrx_word' id='word_1_137' title='bbox 1009 1564 1161 1612; x_wconf 87' lang='lat' dir='ltr'>deum</span> <span class='ocrx_word' id='word_1_138' title='bbox 1184 1564 1323 1613; x_wconf 83' lang='lat' dir='ltr'>dedit</span> <span class='ocrx_word' id='word_1_139' title='bbox 1342 1564 1449 1625; x_wconf 86' lang='lat' dir='ltr'>ipse</span> <span class='ocrx_word' id='word_1_140' title='bbox 1472 1573 1679 1624; x_wconf 83' lang='lat' dir='ltr'>creator,</span> 
     </span>
     <span class='ocr_line' id='line_1_23' title="bbox 433 1628 1745 1692; baseline 0 -15"><span class='ocrx_word' id='word_1_141' title='bbox 433 1628 606 1678; x_wconf 81' lang='lat' dir='ltr'>Tarda</span> <span class='ocrx_word' id='word_1_142' title='bbox 621 1638 674 1678; x_wconf 85' lang='lat' dir='ltr'>et</span> <span class='ocrx_word' id='word_1_143' title='bbox 695 1644 806 1678; x_wconf 85' lang='lat' dir='ltr'>sera</span> <span class='ocrx_word' id='word_1_144' title='bbox 827 1630 992 1690; x_wconf 88' lang='lat' dir='ltr'>nimis,</span> <span class='ocrx_word' id='word_1_145' title='bbox 1011 1630 1098 1679; x_wconf 87' lang='lat' dir='ltr'>sed</span> <span class='ocrx_word' id='word_1_146' title='bbox 1120 1630 1256 1679; x_wconf 79' lang='lat' dir='ltr'>fama</span> <span class='ocrx_word' id='word_1_147' title='bbox 1276 1644 1337 1679; x_wconf 89' lang='lat' dir='ltr'>ac</span> <span class='ocrx_word' id='word_1_148' title='bbox 1355 1628 1503 1679; x_wconf 85' lang='lat' dir='ltr'>laude</span> <span class='ocrx_word' id='word_1_149' title='bbox 1523 1628 1745 1692; x_wconf 80' lang='lat' dir='ltr'>pereuni.</span> 
     </span>
     <span class='ocr_line' id='line_1_24' title="bbox 435 1695 1683 1758; baseline 0 -15"><span class='ocrx_word' id='word_1_150' title='bbox 435 1695 572 1743; x_wconf 85' lang='lat' dir='ltr'>Nam</span> <span class='ocrx_word' id='word_1_151' title='bbox 592 1704 713 1758; x_wconf 90' lang='lat' dir='ltr'>quot</span> <span class='ocrx_word' id='word_1_152' title='bbox 735 1709 850 1743; x_wconf 82' lang='lat' dir='ltr'>aves</span> <span class='ocrx_word' id='word_1_153' title='bbox 873 1702 1031 1743; x_wconf 82' lang='lat' dir='ltr'>taetro</span> <span class='ocrx_word' id='word_1_154' title='bbox 1053 1704 1295 1745; x_wconf 82' lang='lat' dir='ltr'>mactatas</span> <span class='ocrx_word' id='word_1_155' title='bbox 1318 1696 1467 1744; x_wconf 77' lang='lat' dir='ltr'>dente</span> <span class='ocrx_word' id='word_1_156' title='bbox 1487 1695 1683 1756; x_wconf 82' lang='lat' dir='ltr'>videtis‚&#39;</span> 
     </span>
     <span class='ocr_line' id='line_1_25' title="bbox 436 1760 1703 1811; baseline 0.001 -1"><span class='ocrx_word' id='word_1_157' title='bbox 436 1761 536 1810; x_wconf 83' lang='lat' dir='ltr'>Tot</span> <span class='ocrx_word' id='word_1_158' title='bbox 555 1775 646 1809; x_wconf 87' lang='lat' dir='ltr'>nos</span> <span class='ocrx_word' id='word_1_159' title='bbox 668 1760 734 1810; x_wconf 84' lang='lat' dir='ltr'>ad</span> <span class='ocrx_word' id='word_1_160' title='bbox 755 1760 960 1810; x_wconf 84' lang='lat' dir='ltr'>Troiam</span> <span class='ocrx_word' id='word_1_161' title='bbox 983 1760 1098 1810; x_wconf 90' lang='lat' dir='ltr'>belli</span> <span class='ocrx_word' id='word_1_162' title='bbox 1120 1760 1495 1811; x_wconf 80' lang='lat' dir='ltr'>exanclabimus</span> <span class='ocrx_word' id='word_1_163' title='bbox 1517 1777 1703 1811; x_wconf 87' lang='lat' dir='ltr'>annos:</span> 
     </span>
     <span class='ocr_line' id='line_1_26' title="bbox 436 1827 1696 1890; baseline 0.002 -16"><span class='ocrx_word' id='word_1_164' title='bbox 436 1827 576 1886; x_wconf 82' lang='lat' dir='ltr'>Quae</span> <span class='ocrx_word' id='word_1_165' title='bbox 600 1827 793 1874; x_wconf 88' lang='lat' dir='ltr'>decimo</span> <span class='ocrx_word' id='word_1_166' title='bbox 815 1827 958 1874; x_wconf 79' lang='lat' dir='ltr'>cadet</span> <span class='ocrx_word' id='word_1_167' title='bbox 981 1835 1032 1874; x_wconf 91' lang='lat' dir='ltr'>et</span> <span class='ocrx_word' id='word_1_168' title='bbox 1052 1841 1215 1890; x_wconf 86' lang='lat' dir='ltr'>poena</span> <span class='ocrx_word' id='word_1_169' title='bbox 1237 1827 1437 1875; x_wconf 79' lang='lat' dir='ltr'>satiabit</span> <span class='ocrx_word' id='word_1_170' title='bbox 1459 1827 1696 1876; x_wconf 87' lang='lat' dir='ltr'>Achivos.</span> 
     </span>
     <span class='ocr_line' id='line_1_27' title="bbox 435 1889 1743 1954; baseline -0.001 -14"><span class='ocrx_word' id='word_1_171' title='bbox 435 1891 610 1940; x_wconf 82' lang='lat' dir='ltr'>Edidit</span> <span class='ocrx_word' id='word_1_172' title='bbox 631 1889 754 1938; x_wconf 85' lang='lat' dir='ltr'>haec</span> <span class='ocrx_word' id='word_1_173' title='bbox 775 1889 1016 1940; x_wconf 81' lang='lat' dir='ltr'>Calchas:</span> <span class='ocrx_word' id='word_1_174' title='bbox 1056 1905 1185 1954; x_wconf 84' lang='lat' dir='ltr'>quae</span> <span class='ocrx_word' id='word_1_175' title='bbox 1204 1892 1306 1940; x_wconf 85' lang='lat' dir='ltr'>iam</span> <span class='ocrx_word' id='word_1_176' title='bbox 1329 1901 1527 1940; x_wconf 84' lang='lat' dir='ltr'>matura</span> <span class='ocrx_word' id='word_1_177' title='bbox 1548 1891 1743 1940; x_wconf 81' lang='lat' dir='ltr'>videtis.</span> 
     </span>
    </p>
   </div>
   <div class='ocr_carea' id='block_1_3' title="bbox 261 2018 1995 3296">
    <p class='ocr_par' dir='ltr' id='par_1_4' title="bbox 305 2018 1995 2896">
     <span class='ocr_line' id='line_1_28' title="bbox 308 2018 1993 2097; baseline -0.001 -19"><span class='ocrx_word' id='word_1_178' title='bbox 308 2025 418 2078; x_wconf 84' lang='lat'><strong>65.·</strong></span> <span class='ocrx_word' id='word_1_179' title='bbox 446 2019 607 2090; x_wconf 81' lang='lat' dir='ltr'>Quae</span> <span class='ocrx_word' id='word_1_180' title='bbox 631 2020 867 2078; x_wconf 88' lang='lat' dir='ltr'>tandem</span> <span class='ocrx_word' id='word_1_181' title='bbox 887 2020 999 2078; x_wconf 87' lang='lat' dir='ltr'>ista</span> <span class='ocrx_word' id='word_1_182' title='bbox 1025 2019 1329 2097; x_wconf 81' lang='lat' dir='ltr'>auguratio</span> <span class='ocrx_word' id='word_1_183' title='bbox 1356 2026 1443 2077; x_wconf 89' lang='lat' dir='ltr'>est</span> <span class='ocrx_word' id='word_1_184' title='bbox 1470 2037 1539 2077; x_wconf 87' lang='lat' dir='ltr'>ex</span> <span class='ocrx_word' id='word_1_185' title='bbox 1561 2018 1881 2097; x_wconf 83' lang='lat' dir='ltr'>passeribus</span> <span class='ocrx_word' id='word_1_186' title='bbox 1903 2038 1993 2077; x_wconf 87' lang='lat' dir='ltr'>an-</span> 
     </span>
     <span class='ocr_line' id='line_1_29' title="bbox 306 2099 1995 2178; baseline 0.001 -21"><span class='ocrx_word' id='word_1_187' title='bbox 306 2119 514 2158; x_wconf 89' lang='lat' dir='ltr'>norum</span> <span class='ocrx_word' id='word_1_188' title='bbox 540 2101 736 2178; x_wconf 88' lang='lat' dir='ltr'>potius</span> <span class='ocrx_word' id='word_1_189' title='bbox 764 2119 936 2177; x_wconf 84' lang='lat' dir='ltr'>quam</span> <span class='ocrx_word' id='word_1_190' title='bbox 965 2107 1066 2161; x_wconf 86' lang='lat' dir='ltr'>aut</span> <span class='ocrx_word' id='word_1_191' title='bbox 1091 2099 1377 2157; x_wconf 89' lang='lat' dir='ltr'>mensium</span> <span class='ocrx_word' id='word_1_192' title='bbox 1407 2106 1507 2158; x_wconf 85' lang='lat' dir='ltr'>aut</span> <span class='ocrx_word' id='word_1_193' title='bbox 1535 2099 1796 2158; x_wconf 58' lang='lat' dir='ltr'>dierum?</span> <span class='ocrx_word' id='word_1_194' title='bbox 1876 2099 1995 2158; x_wconf 88' lang='lat' dir='ltr'>Cur</span> 
     </span>
     <span class='ocr_line' id='line_1_30' title="bbox 307 2180 1995 2258; baseline 0 -20"><span class='ocrx_word' id='word_1_195' title='bbox 307 2186 520 2238; x_wconf 88' lang='lat' dir='ltr'>autem.</span> <span class='ocrx_word' id='word_1_196' title='bbox 542 2181 616 2238; x_wconf 92' lang='lat' dir='ltr'>de</span> <span class='ocrx_word' id='word_1_197' title='bbox 655 2180 990 2258; x_wconf 82' lang='lat' dir='ltr'>passerculis</span> <span class='ocrx_word' id='word_1_198' title='bbox 1044 2180 1429 2238; x_wconf 83' lang='lat' dir='ltr'>coniecturam</span> <span class='ocrx_word' id='word_1_199' title='bbox 1480 2181 1641 2252; x_wconf 82' lang='lat' dir='ltr'>facit,</span> <span class='ocrx_word' id='word_1_200' title='bbox 1674 2181 1736 2237; x_wconf 89' lang='lat' dir='ltr'>in</span> <span class='ocrx_word' id='word_1_201' title='bbox 1786 2180 1995 2258; x_wconf 88' lang='lat' dir='ltr'>quibus</span> 
     </span>
     <span class='ocr_line' id='line_1_31' title="bbox 306 2259 1995 2339; baseline 0.001 -22"><span class='ocrx_word' id='word_1_202' title='bbox 306 2260 527 2318; x_wconf 86' lang='lat' dir='ltr'>nullum</span> <span class='ocrx_word' id='word_1_203' title='bbox 556 2270 678 2318; x_wconf 87' lang='lat' dir='ltr'>erat</span> <span class='ocrx_word' id='word_1_204' title='bbox 703 2267 1042 2331; x_wconf 87' lang='lat' dir='ltr'>monstrum,</span> <span class='ocrx_word' id='word_1_205' title='bbox 1065 2259 1141 2318; x_wconf 91' lang='lat' dir='ltr'>de</span> <span class='ocrx_word' id='word_1_206' title='bbox 1167 2260 1415 2323; x_wconf 85' lang='lat' dir='ltr'>dracone</span> <span class='ocrx_word' id='word_1_207' title='bbox 1442 2261 1587 2330; x_wconf 87' lang='lat' dir='ltr'>silet,</span> <span class='ocrx_word' id='word_1_208' title='bbox 1612 2261 1729 2338; x_wconf 87' lang='lat' dir='ltr'>qui,</span> <span class='ocrx_word' id='word_1_209' title='bbox 1752 2261 1814 2319; x_wconf 92' lang='lat' dir='ltr'>id</span> <span class='ocrx_word' id='word_1_210' title='bbox 1836 2260 1995 2339; x_wconf 90' lang='lat' dir='ltr'>quod</span> 
     </span>
     <span class='ocr_line' id='line_1_32' title="bbox 307 2339 1992 2418; baseline 0.001 -21"><span class='ocrx_word' id='word_1_211' title='bbox 307 2339 430 2397; x_wconf 89' lang='lat' dir='ltr'>fieri</span> <span class='ocrx_word' id='word_1_212' title='bbox 462 2359 580 2398; x_wconf 88' lang='lat' dir='ltr'>non</span> <span class='ocrx_word' id='word_1_213' title='bbox 613 2341 822 2417; x_wconf 88' lang='lat' dir='ltr'>potuit,</span> <span class='ocrx_word' id='word_1_214' title='bbox 848 2339 1107 2418; x_wconf 86' lang='lat' dir='ltr'>lapideus</span> <span class='ocrx_word' id='word_1_215' title='bbox 1140 2340 1353 2400; x_wconf 87' lang='lat' dir='ltr'>dicitur</span> <span class='ocrx_word' id='word_1_216' title='bbox 1384 2341 1610 2400; x_wconf 59' lang='lat' dir='ltr'>factus?</span> <span class='ocrx_word' id='word_1_217' title='bbox 1690 2341 1992 2400; x_wconf 87' lang='lat' dir='ltr'>Postremo</span> 
     </span>
     <span class='ocr_line' id='line_1_33' title="bbox 309 2419 1990 2499; baseline 0.001 -23"><span class='ocrx_word' id='word_1_218' title='bbox 309 2420 452 2498; x_wconf 86' lang='lat' dir='ltr'>quid</span> <span class='ocrx_word' id='word_1_219' title='bbox 477 2420 662 2478; x_wconf 90' lang='lat' dir='ltr'>simile</span> <span class='ocrx_word' id='word_1_220' title='bbox 688 2419 864 2480; x_wconf 87' lang='lat' dir='ltr'>habet</span> <span class='ocrx_word' id='word_1_221' title='bbox 883 2439 1076 2497; x_wconf 85' lang='lat' dir='ltr'>passer</span> <span class='ocrx_word' id='word_1_222' title='bbox 1103 2420 1304 2480; x_wconf 66' lang='lat' dir='ltr'>annis?</span> <span class='ocrx_word' id='word_1_223' title='bbox 1384 2421 1538 2480; x_wconf 89' lang='lat' dir='ltr'>Nam</span> <span class='ocrx_word' id='word_1_224' title='bbox 1566 2422 1639 2479; x_wconf 89' lang='lat' dir='ltr'>de</span> <span class='ocrx_word' id='word_1_225' title='bbox 1666 2441 1853 2499; x_wconf 86' lang='lat' dir='ltr'>angue</span> <span class='ocrx_word' id='word_1_226' title='bbox 1873 2421 1990 2492; x_wconf 84' lang='lat' dir='ltr'>ino,</span> 
     </span>
     <span class='ocr_line' id='line_1_34' title="bbox 309 2499 1995 2578; baseline 0.001 -22"><span class='ocrx_word' id='word_1_227' title='bbox 309 2500 410 2577; x_wconf 86' lang='lat' dir='ltr'>qui</span> <span class='ocrx_word' id='word_1_228' title='bbox 438 2500 626 2558; x_wconf 87' lang='lat' dir='ltr'>Sullae</span> <span class='ocrx_word' id='word_1_229' title='bbox 659 2499 924 2578; x_wconf 88' lang='lat' dir='ltr'>apparuit</span> <span class='ocrx_word' id='word_1_230' title='bbox 951 2501 1295 2572; x_wconf 81' lang='lat' dir='ltr'>immolanti,</span> <span class='ocrx_word' id='word_1_231' title='bbox 1320 2508 1629 2577; x_wconf 86' lang='lat' dir='ltr'>utrumque</span> <span class='ocrx_word' id='word_1_232' title='bbox 1656 2501 1911 2572; x_wconf 85' lang='lat' dir='ltr'>memini,</span> <span class='ocrx_word' id='word_1_233' title='bbox 1936 2506 1995 2557; x_wconf 91' lang='lat' dir='ltr'>et</span> 
     </span>
     <span class='ocr_line' id='line_1_35' title="bbox 309 2579 1995 2658; baseline -0.001 -21"><span class='ocrx_word' id='word_1_234' title='bbox 309 2579 543 2651; x_wconf 85' lang='lat' dir='ltr'>Sullam,</span> <span class='ocrx_word' id='word_1_235' title='bbox 568 2599 701 2638; x_wconf 89' lang='lat' dir='ltr'>cum</span> <span class='ocrx_word' id='word_1_236' title='bbox 721 2581 795 2657; x_wconf 67' lang='lat' dir='ltr'>in⁴</span> <span class='ocrx_word' id='word_1_237' title='bbox 811 2581 1239 2658; x_wconf 85' lang='lat' dir='ltr'>expeditionem</span> <span class='ocrx_word' id='word_1_238' title='bbox 1268 2581 1577 2639; x_wconf 82' lang='lat' dir='ltr'>educturus</span> <span class='ocrx_word' id='word_1_239' title='bbox 1605 2587 1767 2649; x_wconf 88' lang='lat' dir='ltr'>esset,</span> <span class='ocrx_word' id='word_1_240' title='bbox 1791 2580 1995 2636; x_wconf 92' lang='lat' dir='ltr'>immo-</span> 
     </span>
     <span class='ocr_line' id='line_1_36' title="bbox 305 2658 1991 2737; baseline -0.001 -21"><span class='ocrx_word' id='word_1_241' title='bbox 305 2659 510 2717; x_wconf 82' lang='lat' dir='ltr'>lavisse</span> <span class='ocrx_word' id='word_1_242' title='bbox 551 2666 610 2717; x_wconf 89' lang='lat' dir='ltr'>et</span> <span class='ocrx_word' id='word_1_243' title='bbox 649 2679 895 2737; x_wconf 84' lang='lat' dir='ltr'>anguem</span> <span class='ocrx_word' id='word_1_244' title='bbox 939 2659 1012 2718; x_wconf 86' lang='lat' dir='ltr'>ab</span> <span class='ocrx_word' id='word_1_245' title='bbox 1053 2679 1153 2723; x_wconf 83' lang='lat' dir='ltr'>ara</span> <span class='ocrx_word' id='word_1_246' title='bbox 1190 2660 1474 2724; x_wconf 82' lang='lat' dir='ltr'>exstitisse</span> <span class='ocrx_word' id='word_1_247' title='bbox 1514 2678 1699 2736; x_wconf 89' lang='lat' dir='ltr'>eoque</span> <span class='ocrx_word' id='word_1_248' title='bbox 1740 2658 1834 2716; x_wconf 89' lang='lat' dir='ltr'>die</span> <span class='ocrx_word' id='word_1_249' title='bbox 1870 2678 1991 2719; x_wconf 87' lang='lat' dir='ltr'>rem</span> 
     </span>
     <span class='ocr_line' id='line_1_37' title="bbox 307 2737 1995 2818; baseline 0 -22"><span class='ocrx_word' id='word_1_250' title='bbox 307 2739 590 2816; x_wconf 84' lang='lat' dir='ltr'>praeclare</span> <span class='ocrx_word' id='word_1_251' title='bbox 645 2759 766 2798; x_wconf 89' lang='lat' dir='ltr'>esse</span> <span class='ocrx_word' id='word_1_252' title='bbox 806 2747 1030 2818; x_wconf 84' lang='lat' dir='ltr'>gestam</span> <span class='ocrx_word' id='word_1_253' title='bbox 1071 2759 1192 2798; x_wconf 87' lang='lat' dir='ltr'>non</span> <span class='ocrx_word' id='word_1_254' title='bbox 1232 2739 1550 2816; x_wconf 82' lang='lat' dir='ltr'>haruspicis</span> <span class='ocrx_word' id='word_1_255' title='bbox 1590 2738 1847 2810; x_wconf 88' lang='lat' dir='ltr'>consili0,</span> <span class='ocrx_word' id='word_1_256' title='bbox 1892 2737 1995 2796; x_wconf 86' lang='lat' dir='ltr'>sed</span> 
     </span>
     <span class='ocr_line' id='line_1_38' title="bbox 307 2819 686 2896; baseline 0.003 -19"><span class='ocrx_word' id='word_1_257' title='bbox 307 2819 686 2896; x_wconf 75' lang='lat' dir='ltr'>imperatoris,</span> 
     </span>
    </p>

    <p class='ocr_par' dir='ltr' id='par_1_5' title="bbox 261 2896 1995 3296">
     <span class='ocr_line' id='line_1_39' title="bbox 261 2896 1995 2976; baseline 0.001 -24"><span class='ocrx_word' id='word_1_258' title='bbox 261 2947 266 2952; x_wconf 88' lang='lat'><strong>.</strong></span> <span class='ocrx_word' id='word_1_259' title='bbox 387 2899 616 2958; x_wconf 87' lang='lat' dir='ltr'>XXXI.</span> <span class='ocrx_word' id='word_1_260' title='bbox 701 2905 820 2960; x_wconf 84' lang='lat'><strong>66.-</strong></span> <span class='ocrx_word' id='word_1_261' title='bbox 841 2899 1039 2976; x_wconf 85' lang='lat' dir='ltr'>Atque</span> <span class='ocrx_word' id='word_1_262' title='bbox 1070 2897 1213 2959; x_wconf 88' lang='lat' dir='ltr'>haec</span> <span class='ocrx_word' id='word_1_263' title='bbox 1255 2905 1628 2965; x_wconf 52' lang='lat' dir='ltr'>ostentorum,</span> <span class='ocrx_word' id='word_1_264' title='bbox 1649 2915 1859 2974; x_wconf 86' lang='lat' dir='ltr'>genera</span> <span class='ocrx_word' id='word_1_265' title='bbox 1890 2896 1995 2954; x_wconf 90' lang='lat' dir='ltr'>mi-</span> 
     </span>
     <span class='ocr_line' id='line_1_40' title="bbox 265 2975 1994 3049; baseline -0.002 -13"><span class='ocrx_word' id='word_1_266' title='bbox 265 3009 270 3014; x_wconf 88' lang='lat'><strong>·</strong></span> <span class='ocrx_word' id='word_1_267' title='bbox 305 2977 484 3036; x_wconf 85' lang='lat' dir='ltr'>rabile</span> <span class='ocrx_word' id='word_1_268' title='bbox 523 2979 669 3038; x_wconf 87' lang='lat' dir='ltr'>nihil</span> <span class='ocrx_word' id='word_1_269' title='bbox 702 2978 932 3038; x_wconf 83' lang='lat' dir='ltr'>habent.</span> <span class='ocrx_word' id='word_1_270' title='bbox 1017 2977 1177 3048; x_wconf 81' lang='lat' dir='ltr'>Quae</span> <span class='ocrx_word' id='word_1_271' title='bbox 1219 2996 1351 3036; x_wconf 87' lang='lat' dir='ltr'>oum</span> <span class='ocrx_word' id='word_1_272' title='bbox 1382 2979 1539 3036; x_wconf 78' lang='lat' dir='ltr'>facta</span> <span class='ocrx_word' id='word_1_273' title='bbox 1578 2984 1727 3049; x_wconf 87' lang='lat' dir='ltr'>sunt,</span> <span class='ocrx_word' id='word_1_274' title='bbox 1758 2983 1885 3034; x_wconf 90' lang='lat' dir='ltr'>tum</span> <span class='ocrx_word' id='word_1_275' title='bbox 1919 2975 1994 3033; x_wconf 78' lang='lat' dir='ltr'>ad</span> 
     </span>
     <span class='ocr_line' id='line_1_41' title="bbox 307 3056 1994 3136; baseline -0.002 -20"><span class='ocrx_word' id='word_1_276' title='bbox 307 3059 694 3117; x_wconf 82' lang='lat' dir='ltr'>coniecturam</span> <span class='ocrx_word' id='word_1_277' title='bbox 723 3059 914 3136; x_wconf 82' lang='lat' dir='ltr'>aliqua</span> <span class='ocrx_word' id='word_1_278' title='bbox 933 3057 1407 3135; x_wconf 78' lang='lat' dir='ltr'>interpretatione</span> <span class='ocrx_word' id='word_1_279' title='bbox 1434 3063 1785 3128; x_wconf 79' lang='lat' dir='ltr'>revocantur,</span> <span class='ocrx_word' id='word_1_280' title='bbox 1809 3062 1876 3113; x_wconf 89' lang='lat' dir='ltr'>ut</span> <span class='ocrx_word' id='word_1_281' title='bbox 1896 3056 1994 3114; x_wconf 88' lang='lat' dir='ltr'>illa</span> 
     </span>
     <span class='ocr_line' id='line_1_42' title="bbox 307 3137 1989 3216; baseline -0.002 -20"><span class='ocrx_word' id='word_1_282' title='bbox 307 3139 488 3196; x_wconf 86' lang='lat' dir='ltr'>tritici</span> <span class='ocrx_word' id='word_1_283' title='bbox 527 3158 706 3216; x_wconf 85' lang='lat' dir='ltr'>grana</span> <span class='ocrx_word' id='word_1_284' title='bbox 743 3139 824 3198; x_wconf 86' lang='lat' dir='ltr'>in·</span> <span class='ocrx_word' id='word_1_285' title='bbox 847 3158 913 3198; x_wconf 91' lang='lat' dir='ltr'>os</span> <span class='ocrx_word' id='word_1_286' title='bbox 953 3138 1119 3214; x_wconf 82' lang='lat' dir='ltr'>pueri</span> <span class='ocrx_word' id='word_1_287' title='bbox 1150 3137 1343 3199; x_wconf 87' lang='lat' dir='ltr'>Midae</span> <span class='ocrx_word' id='word_1_288' title='bbox 1384 3143 1657 3212; x_wconf 83' lang='lat' dir='ltr'>congesta</span> <span class='ocrx_word' id='word_1_289' title='bbox 1696 3142 1799 3194; x_wconf 87' lang='lat' dir='ltr'>aut</span> <span class='ocrx_word' id='word_1_290' title='bbox 1836 3155 1989 3214; x_wconf 90' lang='lat' dir='ltr'>apes,</span> 
     </span>
     <span class='ocr_line' id='line_1_43' title="bbox 267 3215 1991 3296; baseline -0.002 -20"><span class='ocrx_word' id='word_1_291' title='bbox 267 3217 980 3296; x_wconf 76' lang='lat' dir='ltr'>·&#39;q‘1&#39;1as·dixisti.in&#39;labris</span> <span class='ocrx_word' id='word_1_292' title='bbox 1011 3216 1274 3276; x_wconf 85' lang='lat' dir='ltr'>Platonis</span> <span class='ocrx_word' id='word_1_293' title='bbox 1306 3215 1631 3286; x_wconf 78' lang='lat' dir='ltr'>consedisse</span> <span class='ocrx_word' id='word_1_294' title='bbox 1658 3216 1843 3294; x_wconf 80' lang='lat' dir='ltr'>pueri,</span> <span class='ocrx_word' id='word_1_295' title='bbox 1873 3234 1991 3286; x_wconf 84' lang='lat' dir='ltr'>non</span> 
     </span>
    </p>
   </div>
  </div>
 </body>
</html>
