2199 3546
503 131 643 183 LIB.
667 131 737 196 1.‚
763 133 922 186 CAP.
947 133 1547 197 xxxm-xxxvn„
1576 134 1606 196 ἓ
1635 137 1811 186 76-80.
1904 138 2001 187 175

305 240 463 294 recta
501 235 697 294 nutrix
738 235 1146 294 animadvertit
1184 253 1429 314 puerum
1471 237 1853 296 dormientem
1899 237 2005 296 cir-

305 315 719 393 cumplicatum
761 317 1044 393 serpentis
1082 316 1369 394 amplexu.
1453 316 1585 386 Quo
1625 325 1861 395 aspectu
1909 337 2005 376 ex-

304 397 505 454 territa
551 396 862 454 clamorem
907 395 1155 454 sustulit.
1241 395 1417 454 Pater
1454 404 1648 455 autem
1689 397 1885 457 Roscii
1926 397 2002 455 ad

305 475 636 553 haruspices
667 476 908 544 rettulit,
934 475 1033 553 qui
1065 475 1489 554 responderunt
1520 476 1663 534 nihil
1692 477 1792 535 illo
1820 497 2001 554 puero

305 555 528 628 clarius,
553 555 696 614 nihil
725 555 980 614 nobilius
999 557 1145 614 fore.
1228 555 1429 633 Atque
1449 556 1595 614 hanc
1624 557 1871 632 speciem
1895 557 2004 615 Pa-

306 634 500 693 siteles
539 635 779 694 caelavit
818 643 1059 712 argento
1102 641 1163 693 et
1202 643 1400 694 noster
1440 638 1719 714 expressit
1759 637 2005 695 Archias

306 715 580 774 versibus.
663 713 821 784 Quid
842 716 1023 793 igitur
1042 717 1479 792 exspectamus?
1510 735 1601 788 an,
1626 717 1804 774 dum
1788 737 1848 774 1n
1871 718 2004 776 foro

305 794 610 853 nobiscum
644 795 706 853 di
733 795 1106 866 immortales,
1127 795 1312 853 dum
1294 815 1355 853 111
1386 796 1495 854 viis
1528 805 1839 869 versentur,
1863 797 2003 855 dum

307 874 504 932 domi.
488 876 509 918 2
550 874 652 953 qui
693 874 977 952 quidem
962 875 1075 953 ipsi
1116 894 1177 933 se
1216 875 1385 934 nobis
1425 894 1545 933 non
1588 877 1855 949 offerunt,
1886 878 2005 934 vim

308 961 506 1012 autem
535 974 696 1013 suam
725 955 898 1032 longe
924 955 1151 1032 lateque
1178 954 1531 1026 diffundunt,
1558 975 1728 1034 quam
1751 965 1877 1016 tum
1898 963 2008 1015 ter-

309 1053 406 1092 rae
439 1035 695 1092 cavernis
726 1035 1048 1106 includunt,
1073 1041 1199 1092 tum
1232 1035 1537 1094 hominum
1571 1037 1791 1094 naturis
1817 1036 2007 1114 impli-

307 1121 460 1172 cant.
545 1113 698 1172 Nam
746 1121 930 1173 terrae
970 1115 1057 1172 vis
1101 1113 1378 1192 Pythiam
1416 1115 1665 1193 Delphis
1708 1117 2001 1188 incitabat,

306 1201 548 1252 naturae
580 1193 878 1272 Sibyllam.
963 1193 1123 1264 Quid
1154 1195 1348 1254 enim?
1388 1215 1505 1252 non
1540 1195 1804 1255 videmus
1832 1216 2003 1274 quam

295 1275 427 1334 -sint
475 1275 631 1333 varia
675 1282 956 1333 terrarum
990 1293 1218 1352 genera,
1248 1294 1319 1332 ex
1364 1275 1573 1352 quibus
1611 1283 1670 1334 et
1704 1277 2006 1346 mortifera

311 1355 594 1432 quaedam
622 1374 756 1433 pars
787 1361 892 1426 est,
915 1362 983 1412 ut
1011 1362 1070 1412 et
1097 1354 1486 1432 Ampsancti
1472 1374 1530 1412 m
1559 1355 1825 1434 Hirpinis
1858 1363 1917 1415 et
1943 1356 2003 1414 in

311 1435 458 1492 Asia
481 1434 774 1506 Plutonia,
798 1453 944 1512 quae
977 1454 1035 1492 vi
1016 1433 1245 1506 3dimus,
1270 1442 1329 1493 et
1357 1442 1492 1492 sunt
1518 1443 1709 1513 partes
1736 1456 2004 1529 agrorum

311 1514 456 1572 aliae
496 1514 846 1592 pestilentes,
877 1514 1020 1573 adae
1061 1514 1331 1586 salubres,
1354 1515 1496 1574 aliae
1539 1535 1683 1593 quae
1724 1524 1893 1574 acuta
1924 1517 2008 1573 in-

309 1595 483 1673 genia
512 1594 775 1672 gignant,
798 1593 943 1653 aliae
978 1613 1124 1673 quae
1155 1601 1419 1654 retunsa.
1464 1614 1609 1673 quae
1638 1596 1835 1654 omnia
1858 1595 2007 1654 fiunt

311 1682 370 1734 et
411 1695 481 1733 ex
523 1675 665 1733 caeli
698 1675 973 1733 varietate
1005 1681 1066 1734 et
1097 1693 1169 1734 ex
1202 1675 1415 1753 dispari
1450 1675 1796 1753 aspiratione
1836 1683 2007 1735 terra-

309 1776 456 1815 rum.

396 1842 488 1894 80.
533 1834 629 1893 Fit
661 1835 836 1893 etiam
866 1854 1037 1912 saepe
1069 1835 1259 1913 specie
1301 1836 1566 1914 quadam,
1598 1856 1766 1914 saepe
1797 1855 2004 1895 vocum

314 1916 596 1993 gravitate
623 1922 682 1973 et
701 1915 970 1973 cantibus
997 1922 1064 1973 ut
1082 1915 1372 1993 pellantur
1391 1916 1571 1973 animi
1596 1916 2004 1989 vehementius,

227 2006 234 2011 '
316 2014 485 2073 saepe
513 1994 686 2053 etiam
715 2014 851 2053 cura
877 2002 938 2055 et
966 1996 1192 2067 timore,
1218 1995 1403 2073 qualis
1430 2002 1518 2053 est
1545 1995 1641 2052 illa

432 2124 728 2175 Flexanima
749 2134 1005 2188 tamquam
1028 2124 1285 2187 lymphata
1306 2130 1393 2173 aut
1418 2122 1601 2173 Bacchi
1623 2126 1773 2173 sacris

435 2193 699 2241 Commota
721 2191 772 2239 in
799 2190 1001 2239 tumulis
1023 2190 1275 2239 Teucrum
1297 2204 1697 2239 commemorans
1720 2206 1880 2241 suum.

313 2308 636 2368 XXXVII.
679 2308 878 2386 Atque
911 2308 1087 2365 etiam
1121 2306 1219 2365 illa
1250 2307 1563 2366 concitatio
1597 2308 1845 2367 declarat
1886 2310 2004 2367 vim

301 2391 374 2448 in
415 2390 625 2447 animis
674 2408 796 2447 esse
841 2387 1115 2446 divinam.
1202 2386 1393 2464 Negat
1440 2388 1595 2446 enim
1645 2389 1767 2446 sine
1810 2390 2005 2447 furore

311 2470 686 2529 Democritus
720 2487 1070 2546 quemquam
1097 2473 1335 2545 poetam
1364 2487 1637 2544 magnum
1669 2488 1791 2525 esse
1817 2488 2002 2546 posse,

315 2550 472 2626 quod
517 2549 675 2607 idem
721 2547 864 2605 dicit
913 2547 1099 2605 Plato.
1184 2546 1389 2616 Quem,
1426 2548 1475 2604 si
1517 2546 1719 2624 placet,
1754 2548 2006 2625 appellet

313 2630 589 2699 furorem,
634 2628 775 2686 dum
825 2628 1002 2685 modo
1051 2628 1101 2684 is
1154 2627 1319 2685 furor
1365 2628 1449 2685 ita
1500 2626 1779 2699 laudetur,
1824 2636 1888 2685 ut
1943 2628 2003 2685 in

314 2707 583 2767 Phaedro
613 2707 876 2765 Platonis
906 2707 1169 2764 laudatus
1197 2714 1297 2765 est.
1383 2706 1574 2775 Quid?
1608 2714 1793 2765 vestra
1820 2707 2003 2765 oratio

264 2839 268 2843 ,
313 2789 375 2845 in
409 2788 612 2858 causis,
646 2787 824 2879 quid?
867 2787 992 2863 ipsa
1023 2787 1175 2844 actio
1217 2793 1411 2864 potest
1452 2806 1573 2845 esse
1609 2787 1913 2844 vehemens
1945 2793 2003 2843 et

313 2869 504 2947 gravis
545 2874 606 2927 et
646 2867 897 2944 copiosa,
928 2866 1038 2923 nisi
1081 2874 1169 2923 est
1200 2867 1426 2923 animus
1466 2867 1590 2944 ipse
1623 2867 2004 2924 commotior?

295 2940 604 3026 Equidem
648 2947 822 3005 etiam
865 2947 923 3003 in
967 2953 1026 3003 te
1068 2966 1236 3023 saepe
1278 2946 1397 3004 vidi
1438 2953 1512 3016 et,
1558 2953 1624 3004 ut
1671 2946 1745 3001 ad
1792 2945 2004 3003 leviora

293 3029 629 3099 .veniamus‚
661 3027 721 3085 in
755 3026 990 3103 Aesopo
1023 3026 1294 3083 familiari
1335 3032 1439 3082 tuo
1480 3032 1706 3081 tantum
1740 3024 1999 3082 ardorem

314 3108 582 3165 vultuum
627 3113 799 3183 atque
843 3114 1125 3177 motuum,
1157 3113 1224 3163 ut
1264 3124 1399 3162 eum
1442 3104 1527 3159 vis
1571 3104 1847 3180 quaedam
1880 3104 2001 3162 abs-

314 3188 556 3249 traxisse
583 3205 620 3245 a
645 3204 814 3245 sensu
841 3185 1053 3245 mentis
1081 3150 1387 3242 videretur.
1852 3202 1871 3209 -
