2199 3546
731 153 1217 217 Lffl.11L‚cAP.
1254 151 1517 215 1..-111,§
1547 155 2024 206 141oe

338 259 516 336 quam
557 257 630 316 de
662 276 740 326 re,
763 275 954 350 panea·
986 255 1060 314 de
1099 259 1211 326 me.
1278 255 1457 316 Non
1474 256 1629 314 enim
1660 255 2026 316 mediocriter

337 357 578 404 moveor
613 337 953 395 auctoritate
983 339 1103 408 tua,
1133 334 1333 408 Balbe,
1364 337 1735 428 orationeque
1766 355 1851 408 ea,
1882 356 2026 414 quae

335 437 434 477 me
459 419 524 476 in'
544 417 866 495 perorando
893 416 1318 508 cohortabatur,
1345 423 1409 475 ut
1434 417 1823 476 meminissem
1844 436 1939 474 me
1966 423 2027 476 et

337 498 574 558 Cottam
603 517 726 556 esse
755 507 812 554 et
832 496 1229 574 pontificem.
1243 495 1434 566 Quod
1460 515 1549 567 6ο,
1568 495 1756 568 eredo,
1777 496 2023 569 valebat,

333 585 406 636 ut
431 579 752 657 opinioneS,
778 597 918 656 quas
943 597 980 634 a
997 575 1321 635 'maioribus
1352 577 1677 653 accepimus
1702 576 1777 635 de
1804 577 1937 638 dis·
1914 596 2028 638 ·-1m

338 658 692 728 mortalibus,
713 677 890 726 sacra,
911 656 1287 714 caerimonias
1310 656 1729 746 religionesque
1756 656 2027 716 defende-

335 756 477 797 rem.
561 739 702 816 Ego
744 757 888 795 vero
933 757 1030 795 eas
1069 736 1383 796 defendam
1424 755 1649 814 semper
1688 755 2025 814 semperque

337 817 593 889 defendi,
621 837 730 876 nec
771 837 864 874 me
905 835 974 875 ex
1008 836 1076 874 ea
1113 817 1409 894 opinione,
1440 835 1613 895 quam
1646 835 1683 874 a
1712 816 2027 876 maioribus

333 899 530 976 accepi
551 863 624 956 de
652 898 810 956 cultu
837 897 1075 954 deorum
1097 896 1531 967 immortalium,
1550 895 1723 954 ullius
1749 915 2025 974 umquam

335 979 523 1036 oratio
561 984 661 1036 aut
692 977 852 1036 docti
883 984 985 1035 aut
1015 976 1240 1036 indocti
1274 975 1543 1034 movebit.
1628 975 1747 1035 Sed·
1778 995 1911 1034 cum
1950 976 2025 1036 de

335 1057 614 1134 religione
641 1058 852 1135 agitur,
880 1057 970 1115 Ti,-
999 1056 1445 1128 Coruncanium,
1474 1055 1542 1115 Ρ
1574 1055 1922 1134 Scipionem,
1952 1056 2019 1116 P.

335 1137 667 1196 Scaevolam
721 1137 1025 1215 pontifices
1075 1136 1379 1208 maximoe,
1404 1155 1543 1194 non·
1578 1135 1871 1194 Zenonem
1924 1143 2025 1194 aut

327 1215 674 1276 Cleanthem
732 1224 835 1275 aut
891 1217 1285 1294 Chrysippum
1340 1234 1551 1294 sequor
1600 1215 1899 1294 habeoque
1952 1215 2020 1275 O.

333 1296 594 1355 Laelium
634 1315 910 1374 augurem
953 1297 1317 1373 eundemque
1348 1297 1685 1375 sapientem,
1718 1315 1889 1375 quem
1912 1313 2025 1374 ‘po-

333 1375 452 1431 tius
491 1375 724 1432 audiam
765 1376 1054 1434 dicentem
1093 1375 1169 1433 de
1209 1375 1485 1454 religione
1526 1377 1591 1434 in
1625 1376 1725 1434 illa
1764 1377 2024 1436 oratione

333 1454 516 1512 nobili
535 1461 706 1533 quam
731 1461 1079 1533 quemquam
1094 1454 1413 1534 principem
1438 1455 1782 1515 Stoicorum.
1850 1455 2025 1515 Oum-

333 1553 446 1610 que
487 1536 680 1604 omnis
710 1535 913 1612 populi
945 1535 1197 1593 Romani
1225 1535 1431 1614 religio
1463 1536 1526 1594 in
1558 1555 1719 1594 sacra
1742 1544 1803 1595 et
1834 1537 1897 1594 in
1929 1553 2024 1594 au-

329 1615 516 1690 spicia
545 1614 732 1672 divisa
753 1615 848 1687 sit,
872 1615 1114 1674 tertium
1138 1615 1475 1674 adiunctum
1502 1615 1595 1687 sit,
1620 1617 1671 1674 si
1738 1616 1839 1675 uid
1866 1633 2025 1694 prae-

331 1693 628 1752 dictionis·
639 1714 809 1752 causa
840 1713 914 1752 ex
941 1695 1227 1773 portentis
1258 1703 1318 1754 et
1348 1697 1623 1754 monstris
1654 1695 1718 1754 Si
1759 1696 1956 1775 yllae
1940 1716 2025 1755 m-

331 1780 612 1852 terpretes
653 1776 1054 1853 haruspicesve
1104 1784 1473 1848 monuerunt,
1501 1777 1707 1835 harum
1748 1796 1857 1855 ego
1899 1778 2025 1837 reli-

330 1854 586 1949 gionum
605 1856 826 1913 nullam
858 1874 1137 1933 umquam
1168 1856 1651 1915 contemnendam
1684 1857 1885 1934 putavi
1916 1858 2022 1916 mi

331 1934 523 2012 hique·
547 1934 633 1993 ita
673 1936 964 2013 persuasi,
973 1934 1291 1994 Romulum
1333 1936 1617 2013 auspiciiS,
1649 1936 1904 1995 Numam
1940 1954 2023 1996 sa·

331 2014 446 2073 cris
477 2016 810 2074 constitutis
839 2014 1270 2107 fundamenta
1252 2014 1451 2075 iecisse
1484 2024 1713 2073 nostrae
1754 2016 2019 2090 civitatis,

331 2114 478 2171 quae
505 2114 830 2174 numquam
862 2095 1129 2173 profecto
1160 2095 1285 2153 sine
1316 2114 1544 2153 summa
1574 2096 1895 2173 placatione
1926 2098 2023 2157 de-

331 2192 509 2233 omm
553 2175 970 2235 immortalium
1023 2182 1191 2233 tanta
1240 2194 1363 2234 esse
1416 2176 1715 2253 potuisset.
1776 2176 2017 2250 Habes,

331 2253 531 2326 Balbe,
551 2256 706 2333 ,quid
738 2255 930 2327 Cotta,
962 2254 1105 2334 quid
1135 2255 1405 2333 pontifex
1446 2256 1689 2315 sentiat:
1732 2256 1827 2315 fac
1866 2276 2019 2317 nunc

331 2353 482 2411 ergo
495 2335 830 2428 intellegam
857 2342 925 2393 tu
954 2335 1095 2413 quid
1123 2336 1350 2395 sentias.
1436 2342 1491 2393 6.
1536 2336 1593 2393 A
1619 2337 1679 2395 t'e
1710 2338 1866 2395 enim
1893 2338 2021 2432 phi-

329 2414 577 2492 losopho
619 2416 902 2473 rationem
943 2415 1204 2493 accipere
1237 2416 1421 2475 debeo
1453 2416 1763 2495 religionis,
1792 2419 2021 2477 maiori—

331 2494 440 2552 bus
471 2502 668 2553 autem
693 2495 908 2553 nostris
939 2495 1115 2554 etiam
1143 2496 1301 2553 nulla
1332 2494 1553 2555 ratione
1580 2497 1807 2555 reddita
1832 2499 2021 2557 crede-

331 2594 406 2631 re.
493 2574 600 2633 III.
645 2575 796 2633 Tum
824 2574 1076 2633 Balbus.
1120 2574 1307 2644 Quam
1335 2576 1517 2653 igitur
1540 2596 1577 2634 a
1602 2596 1697 2635 me
1716 2578 2016 2650 rationem,

332 2654 540 2746 inquit,
565 2655 758 2725 Cotta,
782 2654 1104 2714 desideras.
1086 2656 1113 2698 ὓ
1189 2656 1267 2714 Et
1298 2655 1424 2715 ille.
1468 2655 1952 2735 Quadripertita,
1936 2678 2021 2716 111·-

331 2735 474 2811 quit‚
506 2734 625 2792 fuit
657 2734 864 2793 divisio
897 2742 1015 2806 tua,
1040 2735 1294 2813 primum
1326 2744 1395 2793 ut
1427 2736 1599 2794 velles
1641 2736 1845 2795 docere
1878 2738 2019 2795 deos

331 2832 470 2885 esse,
500 2814 712 2873 deinde
745 2815 942 2892 quales
972 2822 1179 2886 essent,
1202 2822 1328 2873 tum
1361 2815 1478 2873 ab
1462 2816 1533 2873 iis
1566 2816 1849 2874 mundum
1876 2818 2016 2894 regi,

329 2902 626 2978 postremo
675 2895 970 2953 consulere
1018 2914 1117 2953 eos
1164 2895 1335 2953 rebus
1382 2894 1677 2953 humanis.
1761 2895 1939 2966 Haec,
1970 2896 2019 2955 si

331 2981 484 3031 recte
523 2974 784 3045 memini,
805 2973 1042 3051 partitio
1075 2974 1209 3033 fuit.
1294 2974 1650 3046 Rectissime,
1672 2975 1863 3050 inquit
1890 2940 2019 3033 B'al-

330 3052 458 3123 buS,
481 3054 586 3111 sed·
610 3061 880 3130 exspecto
910 3053 1052 3130 quid
1078 3054 1349 3131 requiras

417 3132 471 3191 7.
513 3132 665 3191 Tum
715 3132 924 3190 Cotta.
982 3133 1245 3190 Primum
1296 3132 1551 3209 quidque
1598 3130 1908 3202 videamus,
1939 3132 2022 3189 in·-

327 3212 495 3289 quit:
559 3220 636 3284 et,
667 3212 716 3271 si
749 3212 812 3270 id
853 3219 942 3271 est
981 3212 1252 3289 primum,
1283 3210 1441 3287 quod
1483 3210 1632 3268 inter
1673 3229 1872 3269 omnes
1911 3211 2021 3269 nisi
