2199 3546
22 1716 28 1763 -v
21 1604 34 1683 vv
22 1506 31 1569 -ν’
22 1390 28 1411 ⁷

21 2321 28 2530 w*--

251 158 328 207 '14‘
519 158 526 163 ·
567 158 572 161 ·
692 154 792 207 DE
821 132 1142 205 NATURA‘
1156 153 1479 225 DEORUM.

253 256 530 316 inducens
549 256 804 334 quodam
823 262 996 334 pacto
1019 263 1211 333 negat,
1231 263 1348 326 aut,
1369 256 1468 334 qui
1490 255 1631 316 deos
1656 276 1781 316 esse
1806 276 1939 317 con-

253 337 476 408 cedant,
496 336 566 393 iis
589 336 890 394 fatendum
918 342 1006 394 est
1033 356 1132 394 eos
1158 336 1376 414 aliquid
1396 356 1563 413 agere
1584 336 1760 414 idq-ue
1782 357 1941 415 prae-

253 417 485 475 clarum.
569 416 729 474 Nihil
771 424 859 474 est
899 423 1092 475 autem
1133 416 1474 493 praeclarius
1514 418 1721 474 mundi
1760 418 1941 476 admi-

253 496 628 555 nistratione:
686 496 925 555 deorum
972 496 1153 573 igitur
1198 496 1438 554 consilio
1486 496 1936 557 administratur.

253 576 425 646 Quod
457 577 506 634 si
538 577 704 635 aliter
739 583 842 647 est,
872 576 1094 654 aliquid
1124 576 1387 653 profecto
1428 595 1657 635 necesse
1697 584 1785 635 est
1816 597 1941 636 esse

253 656 458 715 melius
499 664 558 715 et
587 658 804 715 maiore
836 656 894 714 vi
927 656 1252 733 praeditum
1288 675 1461 733 quam
1493 656 1651 727 deOS,
1674 657 1841 733 quale
1875 658 1938 715 id

179 785 190 795 .
253 756 498 813 cumque
539 744 642 808 est,
673 737 792 794 sive
833 736 1088 793 inanima
1128 743 1333 794 natura
1374 736 1492 794 sive
1534 736 1839 795 necessitas
1880 738 1941 795 vi

251 836 464 894 magna
483 817 737 888 incitata,
754 816 893 874 haec
915 815 1297 893 pulcherrima
1318 834 1492 893 opera
1512 814 1775 888 efficiens,
1792 836 1939 893 quae

252 897 530 955 videmus.
601 896 632 954 7
641 896 695 955 7.
725 896 782 954 N
785 916 860 954 on
887 903 976 953 est
996 896 1177 973 igitur
1203 902 1407 954 natura
1433 895 1675 953 deorum
1700 914 1943 973 praepo·

251 984 380 1035 tens
407 996 593 1053 neque
621 976 915 1047 excellens,
934 976 985 1033 si
1011 976 1247 1054 quidem
1276 995 1345 1033 ea
1370 975 1627 1034 subiecta
1652 984 1741 1033 est
1766 976 1820 1033 ei
1848 975 1937 1035 vel

251 1056 578 1114 necessitati
610 1056 700 1114 vel
731 1064 984 1127 naturae,
1009 1075 1125 1133 qua
1154 1054 1392 1126 caelum,
1421 1056 1617 1127 maria,
1640 1063 1823 1115 terrae
1856 1075 1941 1115 re-

251 1142 476 1213 gantur.
560 1136 724 1194 Nihil
755 1143 844 1193 aet
875 1143 1068 1195 autem
1102 1136 1485 1214 praestantius
1524 1136 1652 1194 deo,
1735 1135 1833 1193 Ab
1866 1156 1939 1195 eo

251 1216 432 1293 igitur
472 1216 756 1274 mundum
797 1235 1026 1275 necesse
1069 1222 1158 1274 est
1198 1216 1336 1293 regi.
1428 1216 1589 1275 Nulli
1629 1216 1810 1293 igitur
1848 1223 1940 1275 est

251 1303 487 1354 naturae
515 1295 827 1355 oboediens
854 1304 956 1354 aut
976 1296 1265 1354 subiectus
1292 1295 1452 1355 deus.
1520 1295 1771 1355 Omnem
1799 1315 1939 1373 ergo

252 1376 401 1453 regit
432 1376 556 1454 ipse
597 1383 875 1435 naturam.
960 1376 1195 1434 Etenim
1236 1376 1285 1434 si
1318 1376 1687 1434 concedimus
1720 1376 1941 1435 intelle—

250 1462 451 1533 gentes
491 1476 616 1515 esse
655 1457 812 1528 deOS,
843 1456 1213 1515 concedimus
1252 1456 1427 1515 etiam
1469 1456 1839 1533 providentes
1880 1463 1941 1515 et

162 1585 170 1591 .
247 1554 441 1609 rerum
482 1536 717 1614 quidem
757 1537 1176 1595 maximarum.'
1239 1536 1395 1613 Ergo
1436 1545 1631 1594 utrum
1668 1536 1941 1613 ignorant

252 1636 397 1694 quae
429 1636 519 1674 res
545 1617 830 1674 maximae
863 1617 980 1675 sint
1046 1636 1239 1695 noque
1270 1635 1370 1675 eae
1402 1616 1579 1675 modo
1607 1616 1939 1675 tractandae

251 1704 310 1754 et
341 1695 589 1755 tuendae
621 1716 694 1753 an
726 1698 847 1754 vim
879 1716 998 1753 non
1106 1696 1247 1755 bent
1281 1715 1397 1773 qua
1420 1702 1611 1754 tantas
1650 1715 1741 1755 res
1773 1698 1941 1755 susti·

249 1785 425 1837 neant
455 1785 515 1836 et
547 1779 786 1854 gerant?
866 1777 951 1835 At
983 1785 1042 1836 et
1073 1778 1363 1854 ignoratio
1404 1796 1593 1836 rerum
1626 1776 1811 1835 aliena
1843 1797 1943 1835 na·-

249 1865 412 1916 turae
445 1858 683 1916 deorum
718 1864 806 1916 est
837 1866 898 1916 et
929 1857 1252 1916 sustinendi
1283 1857 1537 1916 muneris
1570 1865 1809 1934 propter
1834 1857 1941 1914 im-

249 1937 618 1997 becillitatem
660 1937 965 1998 difficultas
1005 1938 1247 2001 minime
1288 1937 1443 1996 cadit
1474 1936 1537 1995 in
1577 1937 1938 1995 maiestatem

249 2018 504 2077 deorum.
573 2019 661 2076 Ex
689 2038 805 2096 quo
833 2017 1076 2076 efficitur
1102 2017 1181 2089 id,
1206 2018 1365 2095 quod
1391 2017 1671 2090 volumuS,
1695 2017 1938 2075 deorum

248 2099 614 2176 providentia
639 2098 922 2157 mundum
949 2098 1355 2157 administrari.
1423 2097 1654 2156 XXXI.
1716 2096 1747 2154 7
1756 2103 1809 2156 8.
1834 2096 1943 2155 At-

250 2178 349 2256 qui
379 2197 605 2236 necesse
633 2186 736 2250 est,
761 2198 892 2237 cum
921 2179 1038 2236 sint
1065 2178 1144 2250 di,
1168 2178 1219 2237 si
1244 2177 1422 2236 modo
1451 2185 1602 2249 sunt,
1622 2183 1689 2236 ut
1716 2177 1941 2254 profec-

249 2266 312 2316 to
363 2265 514 2330 sunt,
549 2260 870 2318 animantes
917 2277 1039 2316 esse
1079 2277 1186 2316 nec
1228 2258 1415 2316 solum
1463 2257 1800 2329 animanteS,
1836 2257 1941 2315 sed

249 2339 425 2396 etiam
459 2339 696 2397 rationis
723 2346 1024 2416 compotes
1050 2338 1205 2396 inter
1231 2357 1405 2416 seque
1432 2337 1595 2416 qnasi
1624 2337 1779 2396 civili
1807 2356 1941 2395 con-

249 2419 540 2477 ciliatione
573 2426 634 2478 et
659 2419 932 2477 societate
965 2419 1321 2490 coniunctOS‚
1346 2438 1527 2476 unum
1558 2417 1844 2476 mundum
1872 2425 1941 2475 ut

249 2517 617 2558 communem
649 2519 772 2557 rem
803 2498 1096 2576 publicam
1130 2505 1303 2576 atque
1336 2497 1537 2556 urbem
1572 2497 1823 2575 aliquam
1858 2516 1941 2555 re-

249 2585 466 2656 gentes.
555 2579 648 2637 79.
683 2578 958 2655 Sequitur
995 2586 1064 2636 ut
1095 2579 1296 2637 eadem
1335 2579 1411 2637 sit
1444 2578 1505 2637 in
1538 2578 1627 2650 iis,
1660 2597 1805 2654 quae
1836 2576 1941 2635 hu-

249 2678 424 2716 mano
464 2659 526 2716 in
567 2677 792 2736 genere,
827 2659 992 2731 ratio,
1022 2659 1225 2718 eadem
1265 2659 1476 2717 veritas
1516 2657 1822 2735 utrobique
1864 2657 1941 2714 sit

250 2739 565 2817 eademque
592 2738 700 2810 lex,
725 2758 871 2818 quae
899 2746 988 2797 est
1013 2739 1157 2797 recti
1184 2739 1513 2817 praeceptio
1542 2738 1817 2815 pravique
1845 2737 1943 2794 de-

250 2819 458 2897 pulsio,
542 2819 630 2876 Ex
672 2838 788 2897 quo
821 2819 1174 2897 intellegitur
1192 2819 1572 2897 ,prudentiam
1602 2837 1839 2896 quoque
1880 2822 1942 2874 et

250 2906 502 2957 mentem
533 2918 568 2956 a
587 2899 678 2957 dis
697 2899 772 2956 ad
793 2899 1056 2964 homines
1077 2899 1419 2976 pervenisse,
1438 2898 1517 2958 ob
1544 2916 1785 2975 eamque
1814 2915 1943 2954 cau·
1992 2911 1995 2914 ·

251 2997 373 3037 sam
400 2978 685 3037 maiorum
712 2979 996 3037 institutis
1026 2997 1205 3051 mens,
1229 2976 1389 3050 fides,
1412 2979 1611 3049 virtus,
1634 2976 1943 3036 concordia

251 3067 612 3118 consecratae
640 3066 698 3118 et
718 3059 945 3138 publice
966 3058 1263 3117 dedicatae
1284 3066 1433 3117 sunt.
1504 3057 1665 3126 Quae
1687 3059 1787 3134 qui
1808 3075 1942 3114 con-

251 3139 410 3197 venit
436 3158 612 3216 penes
640 3139 780 3198 deos
807 3159 928 3198 esse
955 3158 1183 3216 negare,
1206 3159 1339 3197 cum
1372 3157 1569 3196 eorum
1606 3143 1851 3215 augusta
1883 3143 1941 3194 et

252 3225 450 3278 sancta
487 3219 790 3281 simulacra
818 3220 1191 3278 veneremur?
1272 3218 1445 3288 Quod
1478 3217 1528 3275 si
1561 3218 1715 3276 inest
1744 3217 1807 3275 in
1840 3215 1941 3274 ho-
