2199 3546
281 147 378 195 242
805 146 904 194 DE
936 145 1436 198 DIVINATIONE.

281 246 329 305 ti
373 246 568 324 potius
610 266 782 323 quam
824 246 1133 305 dormienti
1166 248 1363 306 daret?
1444 248 1629 307 LXII.
1674 249 1795 308 Iam
1831 267 1968 310 vero

282 328 410 405 quis
433 326 620 384 dicere
648 326 855 384 audeat
875 340 1008 385 vera
1029 328 1224 385 omnia
1245 347 1364 386 esse
1388 329 1647 386 somnia?
1720 330 1968 404 Aliquot

281 406 502 464 somnia
530 426 677 478 vera,
701 407 892 484 inquit
913 406 1153 479 EnniuS,
1177 408 1273 465 sed
1292 409 1486 465 omnia
1506 428 1621 465 non
1640 418 1723 466 est
1742 429 1963 469 necesse.

282 486 440 555 Quae
470 492 556 543 'est
583 486 817 543 tandem
845 487 957 544 ista
984 487 1319 546 distinctio?
1353 507 1497 565 quae
1519 508 1667 559 vera,
1693 508 1838 567 quae
1864 491 1971 548 fal-

282 587 345 625 sa
383 565 590 625 habet?
671 566 749 624 Et
791 567 839 624 si
882 586 1013 625 vera
1043 586 1078 624 a
1110 567 1221 625 deo
1264 568 1592 641 mittuntur,
1628 569 1775 626 falsa
1812 570 1967 628 unde

281 648 628 705 nascuntur?
709 645 860 703 Nam
903 647 950 703 si
983 666 1051 704 ea
1084 665 1314 724 quoque
1356 648 1567 720 divina,
1599 650 1742 726 quid
1772 650 1967 707 incon-

283 727 528 785 stantius
564 726 707 784 dco?
748 726 890 803 quid
915 725 1179 784 inscitius
1206 734 1396 786 autem
1428 735 1515 786 est
1544 748 1715 805 quam
1742 736 1967 787 mentes

281 806 610 865 mortalium
632 805 792 863 falsis
819 813 878 863 et
897 806 1271 864 mendacibus
1299 806 1434 865 visis
1462 809 1783 867 concitare?
1864 808 1967 865 Sin

282 907 415 946 vera
447 887 569 944 visa
600 886 795 943 divina
821 893 972 959 sunt,
995 885 1143 943 falsa
1169 896 1361 945 autem
1390 895 1449 945 et
1477 887 1671 946 inania
1695 889 1964 959 humana,

285 986 428 1045 quae
478 977 566 1024 est
608 967 720 1023 ista
755 966 1094 1043 designandi
1134 966 1381 1037 licentia,
1411 975 1478 1026 ut
1515 967 1625 1025 hoc
1666 968 1825 1039 dena,
1856 968 1967 1025 hoc

283 1054 486 1104 natura
512 1046 713 1104 fecerit
734 1046 928 1121 potius
958 1066 1127 1123 quam
1158 1054 1260 1105 aut
1288 1048 1483 1105 omnia
1509 1048 1850 1125 deus‚.quod
1876 1066 1971 1105 nc-

281 1127 447 1203 gatiS‚
468 1132 568 1183 aut
595 1126 790 1182 omnia
809 1128 1048 1184 natura?
1090 1127 1249 1203 quod
1270 1127 1541 1205 quoniam
1564 1127 1709 1185 illud
1728 1128 1965 1205 negatiS‚

281 1207 393 1264 hoc
427 1205 742 1263 necessario
775 1204 1169 1264 confitendum
1202 1214 1305 1265 est.
1394 1213 1525 1265 128.
1564 1207 1841 1265 Naturam
1876 1227 1972 1264 au-

283 1293 402 1344 tem
431 1304 556 1343 eam
586 1284 734 1357 dieo,
756 1304 868 1362 qua
895 1303 1210 1363 numquam
1242 1287 1472 1346 animus
1496 1287 1767 1346 insistens
1794 1287 1973 1365 agita-

283 1366 444 1424 tione
477 1372 536 1423 et
566 1371 733 1423 motu
767 1384 888 1423 esse
921 1385 1133 1423 vacuus
1158 1372 1367 1443 potest.
1452 1366 1511 1424 Is
1538 1386 1669 1425 cum
1698 1367 1972 1445 languore

285 1446 542 1523 corporis
568 1465 674 1504 nec
701 1446 976 1504 membris
1001 1446 1089 1506 uti
1119 1466 1223 1504 nec
1252 1446 1513 1505 sensibus
1534 1454 1741 1525 potest,
1765 1447 1973 1504 incidit

287 1527 344 1584 in
375 1527 496 1585 visa
523 1526 680 1584 varia
705 1532 765 1584 et
785 1526 1002 1584 incerta
1027 1546 1098 1584 ex
1127 1527 1397 1605 reliquiiS,
1421 1534 1489 1584 ut
1509 1528 1591 1585 ait
1610 1526 1970 1596 Aristotelea,

286 1606 714 1665 inhaerentibus
742 1626 936 1664 earum
957 1626 1165 1678 rerum,
1190 1626 1329 1685 quas
1350 1606 1593 1684 vigilans
1613 1607 1853 1683 gesserit
1873 1614 1976 1664 aut

288 1686 641 1763 cogitaverit.
679 1714 686 1743 ι
726 1685 982 1755 Quarum
1009 1686 1451 1763 'perturbatione
1481 1686 1771 1744 mirabiles
1803 1687 1975 1744 inter-

287 1768 427 1826 dum
462 1767 744 1825 exsistunt
772 1767 988 1845 species
1020 1767 1392 1826 somniorum.
1470 1766 1631 1837 Quae
1658 1766 1707 1824 si
1735 1766 1846 1825 alia
1875 1766 1978 1824 fal-

289 1869 366 1918 sa,
397 1848 508 1906 alia
547 1867 693 1918 vera,
726 1867 838 1926 qua
868 1854 1010 1905 nota
1040 1847 1503 1906 internoscantur
1534 1848 1677 1906 scire
1710 1866 1845 1904 sane
1885 1865 1979 1904 ve-

287 1928 406 1986 lim.
492 1927 554 1986 Si
587 1927 744 1986 nulla
783 1933 885 1998 est,
918 1927 1059 2006 quid
1090 1928 1233 1985 istos
1264 1928 1608 2006 interpretes
1640 1927 1979 1985 audiamus&

289 2008 393 2066 Sin
423 2009 724 2086 quaepiam
753 2015 855 2078 est,
876 2007 1056 2066 haveo
1085 2008 1281 2066 audire
1311 2027 1455 2086 quae
1478 2008 1567 2066 sit.
1653 2007 1766 2064 Sed
1789 2007 1981 2065 hacre-

288 2088 450 2146 bunt.
535 2088 753 2146 LXIII.
843 2094 973 2146 129.
1018 2087 1201 2147 Venit
1234 2087 1387 2146 enim
1420 2088 1537 2146 iam
1564 2087 1625 2144 in
1660 2088 1983 2144 contentio-

290 2187 421 2225 nem
452 2175 646 2226 utrum
675 2169 750 2226 sit
777 2167 1148 2246 probabiliu8‚
1169 2167 1381 2226 deosne
1408 2167 1762 2225 immortales
1788 2184 1980 2224 rerum

291 2248 550 2305 omnium
585 2249 933 2324 praestantia
973 2247 1311 2306 excellentes
1352 2266 1683 2306 concursare
1718 2247 1981 2304 omnium

289 2327 638 2396 mortalium,
663 2328 763 2403 qui
790 2327 1003 2404 ubique
1033 2335 1186 2398 sunt,
1209 2347 1327 2385 non
1355 2327 1533 2385 modo
1561 2327 1757 2398 lectOS,
1780 2346 1982 2384 verum

291 2407 464 2465 etiam
506 2406 793 2484 grabatOS‚
823 2413 899 2478 et,
929 2425 1060 2464 cum
1104 2415 1407 2466 stertentes
1448 2407 1671 2485 aliquos
1712 2407 1981 2474 viderint,

292 2487 518 2546 obicere
552 2486 642 2544 his
683 2487 804 2544 visa
845 2486 1127 2564 quaedam
1160 2495 1421 2546 tortuosa
1454 2496 1513 2546 et
1547 2487 1804 2557 obscura,
1837 2505 1985 2563 quae

292 2568 378 2626 illi
411 2568 666 2626 exterriti
701 2569 927 2625 somnio
961 2567 1036 2624 ad
1067 2567 1452 2626 coniectorem
1484 2587 1653 2625 mane
1696 2567 1981 2636 deferant,

293 2668 366 2706 an
411 2657 614 2707 natura
652 2647 792 2720 fieri,
822 2655 888 2706 ut
931 2647 1224 2706 mobiliter
1264 2649 1489 2707 animus
1533 2648 1784 2724 agitatus
1827 2646 1985 2723 quod

294 2728 537 2804 vigilans
586 2728 795 2786 viderit
836 2728 1129 2786 dormiens
1168 2727 1361 2786 videre
1403 2727 1680 2785 videatur.
1765 2725 1985 2784 Utrum

293 2807 664 2886 philosophia
696 2809 906 2884 dignus
939 2827 1202 2884 sagarum
1238 2807 1642 2883 superstitione
1677 2807 1788 2863 ista
1814 2806 1989 2862 inter-

294 2889 508 2964 pretari
541 2907 612 2945 an
648 2887 1028 2964 explicatione
1062 2889 1334 2946 naturae?
1376 2893 1457 2957 ut,
1483 2887 1531 2943 si
1559 2887 1675 2943 iam
1704 2885 1828 2942 fieri
1856 2903 1988 2962 pos-

296 2967 372 3024 sit
405 2986 536 3024 vcra
569 2967 894 3025 coniectura
927 2967 1299 3036 somniorum,
1322 2974 1517 3024 tamen
1546 2965 1660 3037 isti,
1686 2965 1787 3041 qui
1816 2964 1987 3042 profi·

294 3052 504 3116 tentur,
537 3066 662 3104 eam
703 3047 890 3103 facere
922 3065 1039 3102 non
1074 3046 1331 3122 possint:
1394 3065 1464 3104 ex
1497 3045 1787 3105 levissimo
1830 3045 1987 3102 enim

295 3131 355 3180 et
389 3125 783 3183 indoctissimo
827 3143 1035 3201 genere
1078 3131 1359 3182 constant.
1446 3123 1629 3182 Stoici
1662 3131 1855 3182 autem
1898 3123 1987 3181 tui

295 3210 510 3278 negant
545 3222 888 3280 quemquam
918 3203 1030 3260 nisi
1059 3204 1373 3280 sapientem
1410 3203 1673 3262 divinum
1706 3222 1829 3261 esse
1858 3222 1988 3279 pos-
