2199 3546
233 143 302 190 44
334 128 340 132 ’
675 141 776 190 DE
807 141 1110 190 NATURA
1141 139 1463 188 DEORUM.

233 251 341 303 tur.
427 243 640 301 XLIV.
685 242 917 311 Quanto
951 241 1134 298 Stoici
1166 239 1389 309 melina,
1420 238 1519 316 qui
1562 258 1595 295 a
1630 238 1793 294 vobis
1833 257 1915 298 re·-

233 323 694 399 prehendunturl
778 322 1031 380 Censent
1067 328 1264 378 autem
1312 319 1597 396 sapientes
1646 318 1913 394 sapienti⁴

233 402 340 458 bus
373 403 546 459 etiam
579 403 796 478 ignotis
829 421 950 458 esse
983 400 1213 457 amicos.
1300 398 1460 455 Nihil
1497 406 1584 454 est
1616 398 1768 454 enim
1806 399 1913 456 vir-

231 488 356 538 tute
389 480 703 539 amabilius,
789 480 976 549 Quam
1013 479 1112 556 qui
1141 478 1384 556 adeptus
1417 477 1538 548 erit,
1564 475 1913 556 ubicumque

231 560 339 617 erit
385 561 663 636 gentium,
705 581 740 619 a
787 560 954 618 nobis
1001 559 1286 636 diligetur.
1376 562 1507 614 122.
1544 555 1671 614 Vos
1716 565 1911 614 autem

233 640 372 715 quid
400 640 533 697 mali
562 641 728 710 datis»,
753 659 882 701 cum
919 641 976 696 in
1012 637 1404 696 imbecillitate
1428 635 1911 713 gratificationem

231 726 288 776 et
328 719 782 777 benevolentiam
827 719 1078 795 ponitis!
1163 717 1251 775 Ut
1292 717 1442 773 enim
1488 716 1755 773 omittam
1790 717 1911 773 vim
1995 779 2009 798 '

229 806 287 855 et
309 806 570 856 naturam
591 799 847 869 deorum,
867 817 940 855 ne
961 796 1227 854 homines
1254 795 1485 873 quidem
1516 796 1776 867 censetis,
1796 796 1910 853 nisi

227 877 496 936 imbecilli
539 885 741 950 essent,
772 879 1001 936 futuros
1039 875 1327 934 beneficos
1368 883 1427 932 et
1458 874 1739 950 benignos
1770 875 1910 933 fuis-

227 959 319 1014 se?
393 957 566 1014 Nulla
593 965 679 1015 est
700 958 902 1016 caritas
929 957 1204 1014 naturalis
1231 957 1381 1014 inter
1401 953 1621 1012 bonos?
1695 953 1906 1012 Carum

226 1036 416 1112 ipsum
451 1036 686 1094 verbum
728 1044 814 1095 est
845 1037 1072 1106 amoriS,
1106 1055 1175 1092 ex
1219 1054 1334 1113 quo
1375 1034 1659 1091 amicitiae
1694 1053 1906 1091 nomen

226 1121 312 1172 est
339 1115 595 1187 ductum,
621 1135 789 1193 quarn
821 1117 868 1173 si
897 1116 971 1173 ad
997 1117 1251 1174 fructum
1283 1119 1542 1172 nostrum
1573 1113 1903 1184 referemus,

224 1213 342 1252 non
370 1194 445 1251 ad
465 1194 617 1252 illius
643 1197 950 1254 commoda
977 1213 1145 1273 quem
1176 1193 1491 1270 diligimus,
1512 1211 1629 1250 non
1659 1193 1767 1250 erit
1795 1193 1908 1250 ista

223 1274 492 1346 amicitia,
517 1275 616 1332 sed
644 1282 960 1333 mercatura
985 1274 1267 1350 quaedam
1302 1273 1617 1330 utilitatum
1654 1291 1901 1331 suarum.

223 1353 398 1411 Prata
443 1360 504 1412 et
549 1373 682 1412 arva
729 1361 787 1412 et
833 1355 1123 1430 pecudum
1172 1372 1375 1430 greges
1423 1352 1745 1430 diliguntur
1790 1353 1903 1410 isto

219 1433 415 1505 mod0,
441 1434 596 1510 quod
623 1434 845 1492 fructus
873 1453 942 1491 ex
977 1433 1058 1490 eis
1091 1433 1412 1510 capiuntur,
1435 1431 1739 1490 hominum
1767 1433 1905 1489 cari-

219 1518 309 1570 tas
349 1520 408 1571 et
447 1513 702 1572 amicitia
739 1513 992 1589 gratuita
1031 1519 1135 1570 est.
1220 1511 1451 1580 Quanto
1494 1511 1673 1589 igitur
1721 1512 1904 1589 magis

219 1591 475 1663 deorum,
500 1593 599 1669 qui
633 1591 790 1650 nulla
820 1611 880 1650 re
915 1599 1149 1669 egentes
1179 1599 1241 1649 et
1274 1591 1423 1649 inter
1464 1611 1524 1649 se
1558 1589 1811 1668 diligunt
1842 1599 1903 1650 et

218 1669 552 1729 hominibus
578 1671 899 1730 consulunt.
985 1670 1158 1739 Quod
1186 1671 1247 1729 ni
1274 1671 1357 1729 ita
1389 1671 1481 1743 sit,
1506 1671 1647 1749 quid
1678 1690 1903 1729 venera·

215 1766 362 1821 mur,
395 1750 534 1827 quid
566 1769 865 1827 precamur
898 1751 1075 1809 deos?
1112 1769 1214 1810 cur
1246 1751 1418 1810 sacris
1450 1750 1769 1828 pontificeS‚
1801 1769 1902 1810 cur

215 1830 482 1907 auspiciis
513 1848 760 1907 augures
785 1833 1093 1906 praesunt?
1136 1832 1276 1909 quid
1311 1838 1580 1909 optamus
1612 1851 1647 1889 a
1679 1832 1769 1889 dis
1796 1832 1901 1889 im·

212 1909 590 1967 mortalibus?
631 1909 772 1986 quid
794 1913 1106 1969 vovemus?
1179 1912 1265 1969 At
1292 1912 1463 1968 etiam
1490 1910 1632 1968 liber
1658 1919 1745 1968 est
1766 1910 1901 1987 Epi·

212 1988 333 2045 curi
366 1988 438 2046 de
481 1990 800 2048 sanctitate.
890 1996 1021 2048 123.
1067 1990 1351 2049 Ludimur
1393 1990 1467 2047 ab
1500 1990 1735 2048 homine
1778 2009 1899 2047 non

211 2073 331 2125 tam
389 2068 581 2127 faceto
643 2088 817 2146 quam
877 2070 952 2127 ad
1007 2070 1295 2129 scribendi
1350 2070 1640 2127 licentiam
1695 2068 1894 2129 libero·

210 2145 370 2215 Quae
412 2147 567 2206 enim
599 2155 795 2225 potest
828 2168 949 2206 esse
989 2150 1279 2221 sanctitas,
1310 2150 1358 2207 si
1393 2149 1454 2206 di
1486 2147 1737 2206 humana
1778 2167 1897 2206 non

208 2228 447 2286 curanti
494 2246 639 2305 quae
683 2235 877 2286 autem
921 2229 1181 2286 animans
1224 2237 1429 2287 natura
1470 2227 1614 2285 nihil
1658 2230 1898 2286 cui-ansi

208 2304 419 2365 Verius
451 2314 538 2364 est
566 2307 745 2384 igitur
771 2307 1042 2365 nimirum
1074 2308 1234 2380 illud,
1260 2308 1417 2385 quod
1450 2307 1749 2365 familiaris
1778 2328 1898 2365 om-

207 2385 369 2444 nium
413 2391 673 2444 nostrum
709 2385 1059 2445 Posidonius
1099 2386 1371 2445 disseruit
1404 2388 1461 2445 in
1500 2386 1646 2445 libro
1689 2388 1894 2464 quinto

207 2462 280 2522 de
325 2472 528 2523 natura
570 2466 828 2537 deorum,
859 2466 1048 2524 nullos
1091 2486 1213 2524 esse
1255 2467 1394 2525 deos
1426 2467 1679 2545 Epicuro
1714 2466 1895 2525 videri

207 2562 464 2621 quaeque
496 2545 547 2602 is
579 2544 778 2603 dedis
809 2545 1233 2603 immortalibus
1266 2546 1493 2618 dixerit,
1516 2546 1767 2604 invidiae
1801 2546 1897 2603 de-

204 2624 504 2681 testandae
533 2625 720 2702 gratia
752 2624 996 2683 dixisse:
1033 2644 1219 2703 neque
1256 2626 1411 2683 enim
1444 2632 1565 2683 tam
1608 2625 1895 2703 desipiens

203 2702 428 2775 fuisset,
456 2710 524 2760 ut
562 2704 900 2761 homunculi
933 2703 1180 2762 similem
1224 2704 1397 2763 deum
1432 2702 1689 2782 fingeret,
1722 2705 1896 2762 linea-

204 2782 418 2839 mentis
449 2782 752 2840 dumtaxat
783 2783 1071 2855 extremiS,
1095 2803 1214 2841 non
1252 2783 1453 2842 habitu
1487 2784 1692 2856 solid0,
1716 2804 1895 2841 mem-

202 2860 322 2917 bris
365 2860 616 2919 hominis
659 2862 985 2939 praeditum
1031 2862 1318 2935 omnibus,
1350 2883 1458 2921 usu
1501 2863 1892 2922 membrorum

202 2956 277 2998 ne
307 2940 553 2999 minimo
587 2942 840 3019 quidem,
864 2942 1071 3000 exilem
1111 2942 1397 3019 quendam
1440 2951 1613 3023 atque
1655 2944 1894 3020 perluci-

203 3019 362 3092 dum,
390 3020 535 3078 nihil
569 3021 837 3099 cuiquam
870 3022 1242 3093 tribuentem,
1272 3021 1416 3078 nihil
1451 3021 1889 3099 gratificantem,

203 3100 441 3157 omnino
476 3099 618 3157 nihil
653 3108 966 3173 curantem,
989 3100 1134 3159 nihil
1166 3108 1450 3177 agentem.
1536 3100 1697 3169 Quae
1732 3107 1893 3158 natu-

202 3197 267 3236 ra
297 3178 548 3254 primum
581 3180 737 3237 nulla
769 3199 890 3237 esse
922 3186 1135 3258 potest,
1165 3180 1341 3247 idque
1374 3180 1575 3238 videns
1608 3180 1892 3258 Epicurus
