2199 3546
217 145 286 192 70
470 181 478 189 .
659 139 762 188 DE
800 133 1099 188 NATURA
1138 135 1464 188 DEORUM.
1530 177 1539 185 .

219 242 352 301 dem
375 246 508 299 ante
539 239 573 270 ‘⁴
593 239 991 316 optimus,”.id
1017 246 1122 311 est,
1142 237 1709 310 beneficentissimuS,
1736 242 1909 315 quani

221 323 256 350 “
274 319 614 392 maximus,”
647 321 782 397 quia
808 320 992 377 maius
1025 326 1115 377 est
1140 326 1405 396 certeque
1432 319 1651 396 gratius
1678 318 1912 396 prodes-

219 421 281 460 se
315 400 584 458 omnibus
617 419 792 478 quam
833 419 972 478 opes
1013 418 1252 476 magnas
1292 399 1517 458 habere.
1602 404 1696 456 65.
1734 398 1911 456 Hunc

221 482 401 559 igitur
431 480 670 552 EnniuS,
697 488 762 538 ut
789 499 962 557 supra
987 479 1127 552 dixi,
1152 486 1447 557 nuncupat
1475 480 1557 538 ita
1583 479 1815 536 dicens:

222 606 409 672 Aspice
434 607 528 657 hoc
557 606 802 656 sublimen
825 605 1060 668 candem,
1079 621 1230 670 quem
1253 606 1485 656 invocant
1507 620 1682 656 omnes
1703 605 1906 656 Iovem:

222 726 450 804 planius
477 732 650 803 quam
677 725 792 782 alio
821 724 948 781 loco
978 724 1168 782 idem:

224 853 336 916 Cui,
359 841 497 919 quod
532 854 584 902 in
619 869 700 903 me
732 860 828 915 est,
854 847 1175 946 exsecrab2r,'
1195 852 1307 915 hoe,
1334 851 1470 918 quod
1500 852 1649 914 lucet,
1673 843 1913 918 quidquid

418 928 524 968 est:

228 1040 384 1098 huno
413 1037 589 1096 etiam
618 1056 861 1114 augures
888 1037 1088 1109 nostri,
1106 1011 1237 1094 eum
1260 1035 1463 1095 dicunt
1484 1035 1521 1064 “
1537 1035 1675 1095 Iove
1690 1036 1915 1114 fulgen·

223 1127 299 1190 te,
319 1125 559 1177 tonante
579 1115 630 1175 :''
668 1117 869 1175 dieunt
896 1118 1050 1175 enim
1083 1118 1118 1144 “
1135 1117 1291 1174 eaelo
1319 1117 1597 1194 fulgente,
1618 1115 1913 1176 tonante.'’

224 1198 532 1276 Euripides
551 1205 762 1270 autem,
785 1205 850 1255 ιιι
870 1197 1053 1255 multa
1076 1197 1379 1274 praeclare,
1400 1197 1480 1255 sie
1501 1197 1613 1256 hoo
1633 1196 1914 1255 breviter:

316 1335 476 1385 Vides
503 1336 714 1384 sublime
737 1336 897 1384 fusum
922 1335 1303 1384 immoderatum
1328 1336 1545 1392 aethera,

319 1403 417 1463 Qui
445 1411 629 1450 terram
655 1413 824 1450 tenero
851 1401 1173 1450 circumiectu
1197 1400 1569 1464 amplectitur?

319 1469 470 1516 Hunc
497 1483 746 1516 summum
776 1467 954 1515 habeto
981 1467 1167 1529 divum,
1192 1466 1323 1516 hunc
1350 1467 1603 1530 perhibeto
1630 1467 1817 1516 Iovem.

222 1594 455 1653 XXVI.
501 1599 596 1653 66.
627 1593 752 1652 Aer
777 1599 991 1665 autem,
1016 1601 1081 1651 ut
1109 1593 1293 1652 Stoici
1321 1594 1637 1672 disputant,
1660 1594 1919 1654 interiec-

229 1682 324 1733 tus
357 1675 505 1732 inter
535 1693 694 1733 mare
734 1681 792 1732 et
819 1674 1038 1731 eaelum
1075 1673 1317 1731 Iunonis
1356 1675 1592 1733 nomine
1630 1694 1919 1733 consecra-

230 1763 340 1827 tur,
361 1775 506 1833 quae
533 1763 621 1814 est
649 1773 810 1813 soror
835 1761 894 1813 et
921 1754 1173 1813 coniunx
1202 1753 1373 1827 Iovis,
1394 1755 1551 1833 quod
1582 1755 1633 1812 ei
1656 1755 1920 1815 similitu-

231 1836 308 1893 do
338 1844 426 1893 est
452 1835 698 1893 aetheris
725 1842 784 1893 et
811 1854 942 1893 cum
973 1855 1042 1892 eo
1075 1854 1303 1892 summa
1335 1836 1681 1893 coniunctio,
1766 1835 1921 1894 Effe-

232 1916 594 1975 minaverunt
627 1923 818 1973 autem
863 1934 996 1973 eum
1031 1914 1356 1992 Iunonique
1388 1914 1728 1987 tribuerunt,
1758 1916 1921 1993 'quod

233 1995 376 2053 nihil
405 2004 493 2054 est
520 2015 588 2054 eo
617 1996 863 2053 mollius.
947 1994 1065 2053 Sed
1094 1994 1377 2053 Iunonem
1412 2014 1447 2053 a
1473 1996 1724 2052 iuvando
1746 1996 1920 2054 eredo

232 2076 606 2134 nominatam.
683 2076 857 2153 Aqua
883 2075 1133 2134 restabat
1154 2083 1213 2133 et
1240 2083 1406 2146 terra,
1431 2083 1497 2133 ut
1524 2083 1712 2133 essent
1740 2095 1810 2133 ex
1836 2076 1921 2134 fa-

234 2155 385 2214 bulis
417 2156 528 2213 tria
559 2174 736 2233 regna
767 2155 964 2213 divisa.
1048 2154 1269 2213 Datum
1304 2162 1391 2213 est
1417 2154 1596 2232 igitur
1624 2154 1919 2233 Neptun0‚

235 2236 414 2294 altero
450 2236 620 2307 IoviS‚
651 2244 718 2293 ut
750 2235 966 2306 volunt,
991 2235 1174 2306 fratri,
1205 2236 1560 2293 maritimum
1594 2254 1765 2293 omne
1798 2256 1922 2313 reg-

235 2335 377 2375 num
409 2334 736 2392 nomenque
763 2315 1129 2392 productum,
1155 2322 1220 2372 ut
1249 2315 1543 2373 Portunus
1570 2332 1605 2372 a
1621 2324 1818 2390 portu,
1840 2318 1921 2375 sic

237 2396 546 2472 Neptunus
572 2415 607 2453 a
631 2396 824 2451 nando
851 2394 1086 2471 paulum
1115 2395 1319 2472 primis
1346 2395 1553 2454 litteris
1578 2396 1919 2469 immutatis,

237 2484 462 2533 terrena
493 2482 686 2533 autem
715 2475 802 2531 vis
833 2475 1024 2532 omnis
1055 2482 1230 2552 atque
1261 2483 1467 2534 natura
1491 2476 1621 2534 Diti
1649 2477 1801 2554 patri
1827 2477 1923 2536 de-

237 2555 427 2613 dicata
453 2563 556 2625 est,
582 2554 684 2632 qui
709 2554 905 2625 Dives,
925 2562 992 2612 ut
1019 2556 1177 2632 apud
1202 2554 1449 2615 Graecos
1478 2556 1765 2630 Πλούτων,
1789 2557 1924 2635 quia

237 2643 298 2693 et
323 2635 581 2693 recidant
609 2634 804 2693 omni-a
829 2635 888 2692 in
918 2643 1096 2693 terras
1123 2644 1183 2693 et
1210 2636 1468 2695 oriantur
1494 2656 1527 2695 e
1552 2638 1734 2695 terris.
1810 2637 1922 2697 Oui

236 2715 447 2773 Proser
488 2715 661 2786 inam,
686 2716 844 2792 qnod
883 2714 1231 2774 Graecorum
1274 2736 1487 2775 nomen
1528 2724 1632 2789 est,
1654 2712 1923 2793 [nuptam

237 2796 437 2852 dicunt
484 2813 497 2853 ι
541 2814 608 2852 ea
639 2795 795 2852 enim
829 2804 931 2867 est,
963 2815 1109 2873 qnae
1143 2798 1461 2873 Περσεφόνη
1492 2796 1708 2855 Graece
1740 2797 1922 2855 nomi·

237 2882 422 2947 natur,
443 2894 617 2953 quam
644 2875 879 2952 frugum
909 2894 1103 2933 semen
1134 2895 1253 2933 esse
1276 2878 1479 2934 volunt
1505 2877 1923 2935 absconditam·-

239 2974 350 3032 que
379 2955 575 3033 quaeri
603 2973 636 3011 a
664 2962 846 3013 matre
874 2955 1118 3032 fingunt.
1204 2956 1298 3014 67.
1336 2956 1523 3014 Mater
1549 2964 1741 3014 autem
1776 2963 1863 3015 est
1889 2976 1923 3015 a

239 3037 275 3063 “
293 3035 560 3111 gerendis
577 3034 611 3062 ’'
633 3035 900 3113 frugibus
927 3036 1099 3093 Ceres
1126 3042 1422 3113 tamquam
1454 3037 1489 3063 “
1505 3036 1740 3108 GereS‚’'
1770 3057 1924 3095 casu-

238 3134 349 3192 que
393 3116 582 3193 prima
625 3114 818 3174 littera
860 3115 1061 3172 itidem
1108 3115 1430 3185 immutata,
1465 3123 1534 3174 ut
1578 3137 1612 3173 a
1656 3117 1921 3175 Graecis:

237 3214 372 3281 nam
401 3195 472 3255 ab
501 3196 616 3257 illis
644 3215 872 3275 quoque
900 3197 1162 3273 Δημήτηρ
1192 3197 1352 3275 quasi
1381 3200 1639 3274 Γημὴτηρ
1666 3197 1924 3260 nomina·
