2199 3546
261 171 326 216 56
708 166 808 216 DE
841 163 1141 217 NATURA
1173 166 1496 224 DEORUM.

263 269 411 326 volo,
497 267 592 327 Sic
619 268 775 326 enim
802 287 891 326 res
919 288 979 326 se
1005 268 1197 340 habet,
1220 275 1289 327 ut
1317 269 1525 340 omnia,
1552 287 1697 346 quae
1724 269 1951 328 alantur

263 357 322 406 et
345 368 488 426 quae
510 354 782 420 crescant,
796 349 1129 406 contineant
1150 348 1210 406 in
1234 369 1292 406 se
1312 348 1430 406 vim
1454 348 1673 421 caloriS,
1692 349 1813 407 sine
1837 369 1951 427 qua

262 447 448 506 neque
476 428 550 486 ali
577 435 812 505 possent
839 447 1024 505 neque
1053 447 1315 486 crescere.
1400 429 1550 486 Nam
1582 448 1770 500 omne,
1792 430 1951 507 quod

264 516 352 566 est
393 508 641 566 calidum
679 517 738 566 et
778 509 1030 586 ign-eum,
1063 509 1245 566 cietur
1288 515 1347 565 et
1378 509 1570 585 agitur
1613 516 1779 568 mot-u
1824 528 1947 580 suc,

265 588 424 665 quod
465 595 654 646 autem
700 588 872 646 alitur
913 595 972 646 et
1011 588 1229 659 crescit,
1263 594 1431 646 motu
1474 587 1723 665 quodam
1765 588 1952 645 utitur

263 675 420 726 certo
463 675 521 726 et
553 667 852 746 aequabili,
885 668 983 745 qui
1004 687 1199 745 -quam
1242 666 1343 724 diu
1376 674 1633 726 remanet
1666 667 1727 725 in
1759 667 1948 740 nobis,

262 755 382 806 tam
410 747 512 806 diu
539 767 736 806 sensus
763 755 823 806 et
849 748 970 805 vita
995 753 1267 818 remanet,
1292 747 1629 824 refrigerato
1662 754 1855 810 autem
1891 755 1953 805 et

261 829 546 886 exstincto
579 827 764 886 calore
797 827 1114 885 occidimus
1146 827 1259 905 ipsi
1287 836 1345 887 et
1367 828 1797 906 exstinguimur.
1853 833 1947 887 24.

263 907 433 976 Quod
463 907 696 986 quidem
725 906 1031 965 Cleanthes
1058 907 1150 965 his
1177 907 1352 965 etiam
1379 907 1733 984 argumentis
1760 907 1947 978 docet,

251 995 478 1065 quanta
497 988 584 1044 vis
603 987 743 1045 insit
769 987 973 1045 caloris
1000 988 1060 1045 in
1091 987 1251 1044 omni
1280 1004 1548 1063 corpore:
1590 993 1765 1064 negat
1792 987 1949 1044 enim

264 1067 441 1124 ullum
477 1086 598 1124 esse
632 1066 976 1125 cibum-tam
1012 1086 1263 1144 gravem,
1296 1067 1434 1143 quin
1469 1067 1519 1122 is
1551 1073 1722 1124 nocte
1762 1073 1821 1124 et
1852 1066 1951 1124 die

262 1154 669 1224 concoquatur,
701 1147 862 1205 cuius
895 1147 1066 1204 etiam
1104 1147 1165 1203 in
1198 1145 1453 1223 reliquiis
1485 1146 1637 1203 inest
1669 1145 1824 1203 calor
1857 1145 1947 1218 iis,

263 1245 403 1303 quas
443 1234 648 1284 natura
685 1227 980 1303 respuerit.
1066 1225 1199 1284 Iam·
1224 1245 1359 1283 vero
1392 1243 1570 1288 venae
1611 1232 1672 1283 et
1710 1224 1953 1283 arteriae

263 1306 472 1363 micare
504 1325 621 1363 non
654 1305 926 1364 desinunt
954 1306 1115 1384 quasi
1134 1306 1395 1383 ‘quodam
1428 1305 1600 1397 igneo
1633 1313 1800 1363 motu
1833 1305 1954 1361 ani-

262 1385 735 1463 madversumque
763 1405 930 1462 saepe
960 1394 1062 1457 est,
1087 1399 1220 1443 cum
1248 1404 1347 1443 cor
1373 1385 1683 1443 animantis
1710 1384 1953 1442 alicuius

262 1465 519 1523 evulsum
553 1465 635 1522 ita
667 1464 958 1524 mobiliter
990 1465 1315 1543 palpitaret,
1338 1472 1407 1523 ut
1439 1465 1760 1522 imitaretur
1792 1464 1953 1541 igne-

239 1564 353 1602 am
397 1545 763 1603 celeritatem.
847 1543 1036 1604 Omne
1070 1545 1251 1622 igitur
1293 1544 1453 1622 quod
1482 1544 1640 1615 vivit,
1672 1544 1790 1602 sive
1832 1543 1954 1601 ani-

259 1624 374 1682 mal
409 1625 528 1682 sive
568 1632 720 1682 terra
759 1624 997 1696 editum,
1026 1625 1091 1683 id
1123 1625 1267 1682 vivit
1299 1630 1535 1702 propter
1568 1624 1848 1682 inclusum
1886 1623 1951 1681 in

261 1723 329 1762 eo
359 1704 620 1762 calorem.
705 1703 794 1762 Ex
823 1723 938 1783 quo
966 1704 1223 1783 intellegi
1252 1703 1425 1762 debet
1454 1723 1579 1761 eam
1616 1703 1819 1762 caloris
1852 1722 1953 1760 na-

259 1792 446 1843 turam
472 1785 588 1842 vim
609 1783 818 1843 habere
841 1787 900 1842 in
931 1804 990 1843 se
1012 1785 1241 1843 vitalem
1272 1804 1376 1862 per
1403 1804 1634 1843 omnem
1664 1783 1951 1842 mundum

260 1865 661 1941 pertinentem.
748 1872 841 1923 25.
872 1865 1070 1943 Atque
1111 1865 1174 1922 id
1213 1865 1441 1923 facilius
1482 1883 1777 1923 cernemus
1817 1871 1950 1923 toto

256 1964 464 2022 genere
494 1944 604 2002 hoc
631 1945 820 2021 igne0,
847 1946 1004 2022 quod
1030 1952 1221 2003 tranat
1248 1944 1457 2015 omnia,
1480 1943 1745 2002 subtilius
1774 1944 1951 2021 expli·

259 2032 404 2083 cato,
488 2024 706 2084 Omnes
739 2025 918 2103 igitur
949 2032 1141 2102 partes
1177 2024 1710 2101 mundi—tangam
1752 2030 1951 2081 autem

259 2105 815 2163 maximas—calore
847 2104 1029 2163 fultae
1071 2104 1457 2162 sustinentur:
1504 2104 1660 2182 quod
1693 2104 1948 2181 primum

258 2185 318 2241 in
361 2192 585 2243 terrena
623 2192 828 2243 natura
867 2184 1113 2262 perspici
1148 2192 1374 2262 potest:
1417 2202 1553 2241 nam
1596 2190 1655 2242 et
1687 2182 1946 2261 lapidum

259 2264 530 2323 conflictu
572 2271 743 2342 atque
776 2265 915 2322 tritu
952 2264 1079 2322 elici
1113 2264 1307 2341 ignem
1340 2264 1602 2321 videmus
1639 2270 1701 2321 'et
1734 2262 1951 2321 recenti

258 2345 514 2403 fossione
542 2353 750 2402 terram
778 2344 1001 2402 fumare
1030 2344 1326 2413 calentem,
1346 2350 1517 2421 atque
1546 2344 1720 2401 etiam
1749 2362 1819 2400 ex
1846 2363 1953 2420 pu-

259 2426 368 2483 teis
400 2423 630 2501 iugibus
664 2443 871 2501 aquam
905 2424 1148 2483 calidam
1182 2424 1350 2496 trahi,
1374 2430 1433 2481 et
1460 2423 1523 2481 id
1548 2424 1797 2480 maxime
1824 2422 1953 2480 fieri

259 2504 618 2581 temporibus
645 2504 916 2576 hiberniS,
944 2504 1099 2581 quod
1127 2523 1338 2580 magna
1364 2504 1451 2560 vis
1478 2511 1660 2561 terrae
1694 2502 1953 2561 cavernis

259 2585 587 2643 continetur
615 2583 818 2641 caloris
845 2603 1024 2661 eaque
1052 2583 1242 2642 hieme
1263 2582 1330 2640 fit
1352 2583 1582 2641 densior
1610 2582 1685 2640 ob
1707 2600 1953 2659 eamque

259 2676 488 2722 causam
517 2664 758 2722 calorem
786 2664 1024 2722 insitum
1044 2664 1106 2720 in
1129 2664 1293 2721 terris
1321 2663 1580 2721 continet
1601 2662 1793 2720 artius,
1866 2661 1949 2719 X.

261 2750 355 2801 26.
394 2743 594 2820 Longa
626 2750 714 2801 est
743 2745 925 2802 oratio
959 2744 1289 2820 multaeque
1322 2742 1573 2800 rationes
1607 2740 1814 2818 quibus
1848 2740 1954 2798 do-

259 2824 374 2883 ceri
402 2824 587 2916 possit
615 2824 823 2896 omnia,
849 2843 994 2902 quae
1022 2830 1175 2882 terra
1206 2822 1495 2900 concipiat
1522 2821 1755 2892 semina,
1782 2839 1954 2898 quae-

260 2923 370 2982 que
399 2904 524 2981 ipsa
551 2924 621 2962 ex
649 2923 709 2962 se
737 2912 1008 2981 generata
1034 2902 1311 2995 stirpibus
1338 2901 1515 2959 infixa
1547 2888 1855 2966 contineat
1881 2919 1955 2958 ea

258 2985 676 3061 temperatione
721 2983 923 3042 caloris
969 2991 1027 3042 et
1069 2983 1206 3041 oriri
1250 2989 1307 3041 et
1348 3000 1663 3059 augescere.
1738 2980 1954 3115 Atque

260 3084 438 3141 aquae
468 3064 640 3122 etiam
671 3063 991 3121 admixtum
1023 3082 1144 3121 esse
1179 3061 1423 3120 calorem
1452 3061 1704 3138 primum
1735 3060 1857 3137 ipse
1886 3060 1956 3117 li-

261 3163 407 3222 quor
433 3164 612 3221 aquae
642 3143 890 3201 declarat
918 3149 976 3202 et
1003 3142 1226 3213 effusi0‚
1249 3160 1391 3218 quae
1420 3159 1606 3218 neque
1633 3138 1955 3216 conglacia-

259 3232 348 3283 ret
369 3224 683 3301 frigoribus
709 3242 896 3301 neque
924 3224 1054 3282 nive
1075 3222 1395 3301 pruinaque
1416 3227 1819 3292 concresceret,
1834 3219 1955 3279 nisi
