2199 3546
591 148 730 198 LIB.
753 148 822 210 1.‚
845 145 1000 197 GAP.
1030 145 1425 209 xva-XIX„
1456 145 1485 206 ᾗ
1508 148 1687 196 31-36.
1894 149 2003 198 159:

298 268 404 325 per
419 249 826 307 furorem—ut
845 248 1017 306 Bacis
1035 247 1337 321 Boeotum,
1356 255 1421 306 ut
1433 247 1809 326 Epimenides
1828 247 1987 320 Cres,

298 337 366 386 ut
393 328 614 406 Sibylla
633 329 965 406 Erythraea.
1036 329 1217 386 Cuius
1236 329 1461 406 generis
1489 327 1675 385 oracla
1696 329 1870 385 etiam
1892 327 1987 385 ha-

299 409 488 466 benda
515 416 664 480 sunt,
685 429 805 466 non
833 429 917 480 ea,
943 428 1088 486 quae
1116 409 1374 486 aequatis
1400 406 1653 466 sortibus
1680 409 1984 480 ducuntur,

249 555 255 560 ,
299 489 398 545 sed
428 489 540 559 illa,
566 509 710 566 quae
737 489 1018 549 instinctu
1047 489 1247 546 divino
1276 487 1603 565 adflatuque
1629 488 1957 546 funduntur
1970 489 1988 546 :⁷

299 570 408 626 etsi
441 571 567 646 ipsa
607 587 728 626 sors
767 569 1195 627 contemnenda
1225 587 1343 625 non
1379 574 1482 639 est,
1514 569 1563 625 si
1595 575 1655 626 et
1686 569 1989 627 auctorita—

299 657 418 706 tem
447 649 621 707 habet
645 650 965 720 vetustatis,
989 657 1057 706 ut
1087 649 1197 706 hae
1230 655 1365 706 sunt
1392 656 1589 720 sorteS,
1614 666 1753 726 quas
1780 668 1812 706 e
1837 656 1989 707 terra

299 729 484 786 editas
511 729 870 806 accepimus:
905 746 1050 806 quae
1075 729 1269 786 tamen
1295 729 1501 786 ductae
1529 737 1595 786 ut
1616 727 1676 786 in
1703 747 1825 787 rem
1854 736 1987 806 apte

299 809 509 866 cadant
535 809 657 866 fieri
685 828 852 885 posse
881 809 1052 866 credo
1080 809 1373 866 divinitus.
1444 807 1707 878 Quorum
1726 809 1987 866 omnium

300 889 657 966 interpreteS,
681 897 747 946 ut
774 889 1135 965 grammatici
1161 895 1483 966 poetarum,
1506 889 1769 966 proxime
1796 888 1871 946 ad
1896 907 1989 946 eo-

300 988 448 1040 rum,
480 988 624 1047 quos
657 969 1119 1046 interpretantur,
1150 969 1567 1026 divinationem
1598 969 1869 1027 videntur
1900 987 1989 1026 ac-

301 1049 516 1106 cedere.
605 1055 698 1106 35.
743 1048 902 1118 Quae
927 1057 1024 1106 est
1050 1050 1229 1128 igitur
1253 1049 1367 1106 ista
1396 1047 1677 1106 calliditas
1709 1067 1797 1106 res
1832 1055 1989 1106 vetu-

299 1136 446 1186 state
489 1129 752 1186 robustas
793 1128 1197 1188 calumniando
1236 1129 1377 1187 velle
1414 1129 1771 1205 pervertere?
1850 1127 1986 1185 Non

297 1209 520 1286 reperio
553 1227 798 1266 causam.
883 1209 1052 1267 Latet
1079 1210 1321 1266 fortasse
1350 1209 1695 1266 obscuritate
1727 1208 1988 1266 involuta

297 1297 550 1346 naturae.
634 1289 768 1347 Non
807 1289 960 1347 enim
993 1309 1089 1346 me
1123 1289 1265 1347 deus
1292 1290 1403 1346 ista
1435 1289 1593 1361 scire,
1618 1288 1719 1346 sed
1745 1289 1837 1345 his
1864 1295 1988 1346 tan·-

297 1376 424 1426 tum
458 1369 636 1427 modo
669 1369 758 1427 uti
791 1370 990 1432 voluit.
1075 1369 1228 1428 Utar
1255 1369 1433 1446 igitur
1452 1388 1569 1426 -nec
1602 1369 1855 1427 adducar
1884 1375 1985 1426 aut

297 1449 360 1506 in
389 1449 536 1506 extis
561 1456 748 1507 totam
769 1449 1058 1507 Etruriam
1081 1449 1321 1508 delirare
1348 1456 1449 1506 aut
1468 1448 1731 1506 eamdem
1750 1455 1984 1525 gentem

296 1529 360 1585 in
392 1529 720 1606 fulguribus
753 1549 936 1588 errare
969 1537 1070 1587 aut
1103 1528 1384 1587 fallaciter
1414 1535 1684 1606 portenta
1714 1529 1989 1605 interpre-

295 1609 424 1680 tari,
448 1629 580 1667 cum
608 1617 791 1667 terrae
819 1627 988 1687 saepe
1015 1609 1299 1679 f1·emituS‚
1324 1628 1490 1686 saepe
1516 1609 1795 1686 mugituS,
1816 1627 1986 1686 saepe

295 1699 492 1747 motus
529 1688 715 1748 multa
754 1696 984 1748 nostrae
1024 1690 1108 1747 rei
1154 1688 1433 1766 publicae,
1462 1690 1646 1746 multa
1678 1689 1879 1747 ceteris
1912 1689 1989 1746 ci-

297 1769 574 1828 vitatibus
628 1770 826 1848 gravia
879 1778 940 1828 et
977 1788 1119 1830 vera
1166 1769 1569 1847 praedixerint.
1654 1776 1747 1828 36.
1793 1768 1987 1838 Quid?

299 1854 400 1927 qui
425 1850 710 1920 irridetur,
731 1858 933 1927 partus
966 1851 1060 1909 hic
1095 1850 1282 1908 mulae
1317 1869 1525 1921 nonne,
1550 1850 1686 1927 quia
1711 1849 1867 1907 fetus
1894 1869 1987 1908 ex-

299 1929 453 1986 stitit
477 1930 537 1985 in
567 1930 864 1989 sterilitate
891 1937 1145 2001 naturae,
1168 1931 1495 2007 praedictus
1522 1936 1609 1987 cst
1636 1929 1708 1987 ab
1729 1930 1987 2007 haruspi-

299 2008 464 2067 cibus
483 2009 832 2068 incredibilis
851 2019 1048 2087 partus
1068 2011 1383 2069 malorum?
1452 2008 1641 2078 Quid?
1706 2009 1796 2068 Ti.
1815 2009 1987 2069 Grac-

297 2088 443 2147 chus
477 2089 544 2147 P.
566 2089 646 2159 F„
669 2091 769 2167 qui
796 2090 884 2148 bis
916 2089 1117 2149 consul
1150 2099 1210 2149 et
1242 2109 1442 2149 censor
1467 2090 1599 2161 fuit,
1623 2089 1893 2166 idemque
1926 2098 1986 2149 et

297 2188 559 2227 summus
587 2188 767 2247 augur
791 2178 852 2229 et
880 2170 966 2229 vir
993 2170 1219 2249 sapiens
1240 2171 1493 2249 civisque
1513 2176 1823 2247 praestans,
1846 2190 1987 2229 non-

296 2269 386 2321 ne,
412 2257 477 2308 ut
507 2248 571 2307 C.
597 2249 886 2309 Gracchus
919 2249 1070 2308 filius
1104 2251 1227 2309 eius
1260 2251 1537 2327 scriptum
1570 2250 1820 2328 reliquit,
1844 2251 1985 2309 duo⁴

294 2329 402 2386 bus
436 2329 720 2407 anguibus
752 2330 915 2389 domi
947 2330 1375 2407 comprehensis
1408 2330 1736 2407 haruspices
1776 2350 1985 2390 convo-

293 2409 478 2471 cavit?
559 2409 674 2479 Qui
707 2428 840 2485 cum
873 2411 1319 2488 respondissent,
1350 2411 1397 2467 si
1430 2430 1649 2468 marem
1682 2411 1981 2485 emisisset,

293 2490 459 2547 uxori
492 2488 650 2547 brevi
687 2496 949 2568 tempore
991 2510 1113 2549 esse
1152 2490 1551 2549 moriendum:
1595 2491 1645 2547 si
1684 2492 1981 2565 feminam,

291 2570 422 2647 ipsi,
445 2570 686 2647 aequius
719 2590 841 2628 esse
873 2571 1096 2629 censuit
1130 2590 1191 2629 se
1223 2578 1503 2629 maturam
1534 2576 1808 2648 oppetere
1832 2590 1985 2629 mor-

291 2655 413 2707 tem
443 2668 615 2727 quam
639 2650 704 2707 P.
731 2650 994 2707 Africani
1014 2649 1191 2707 filiam
1220 2650 1667 2709 adolescentem:
1702 2650 1982 2709 feminam

292 2729 502 2801 emisit,
523 2730 646 2807 ipse
664 2730 862 2806 paucis
879 2737 1014 2806 post
1031 2730 1233 2788 diebus
1252 2740 1338 2787 est
1356 2738 1633 2788 mortuus.
1704 2730 1871 2787 XIX.
1904 2730 1985 2787 Ir-

291 2809 581 2867 rideamus
609 2809 953 2888 haruspiceS,
973 2829 1169 2882 vanOS,
1182 2810 1380 2867 futiles
1408 2830 1529 2868 esse
1550 2810 1823 2879 dicamuS,
1846 2829 1984 2886 quo-

291 2908 536 2966 rumque
559 2888 918 2967 disciplinam
937 2897 996 2947 et
1013 2890 1469 2967 sapientissimus
1485 2890 1573 2946 vir
1588 2895 1647 2946 et
1664 2894 1901 2945 eventus
1916 2908 1983 2947 ac

292 2988 381 3025 res
415 2969 830 3045 comprobavit,
862 2976 1313 3041 contemnamus,
1338 2976 1775 3027 contemnamus
1807 2967 1983 3024 etiam

291 3048 658 3125 Babylonem
681 3056 740 3106 et
761 3068 876 3121 eOS,
897 3050 997 3127 qui
1017 3069 1050 3107 e
1071 3045 1327 3106 Caucaso
1350 3048 1491 3105 caeli
1512 3047 1677 3121 signa
1697 3052 1984 3103 servantes

296 3129 548 3186 numeris
590 3135 649 3185 et
687 3129 945 3186 motibus
987 3127 1277 3186 stellarum
1320 3145 1515 3184 cursus
1546 3131 1981 3201 persequuntur.

293 3209 783 3281 condemnemus,
817 3209 1072 3283 inquam,
1108 3207 1217 3265 hos
1248 3212 1349 3264 aut
1384 3204 1661 3263 stultitiae
1692 3208 1793 3261 aut
1833 3206 1985 3260 vani-
