2199 3546
683 153 824 202 LIB.
852 153 920 215 1.,
947 153 1105 202 CAP.
1136 153 1362 215 V.—1X.‚
1386 152 1416 214 ς
1438 157 1587 204 9—15.
1888 157 1977 204 151

286 262 528 314 eventus
574 255 970 314 animadversa
1017 263 1077 313 et
1122 262 1337 313 notata.
1440 255 1603 314 Nihil
1648 263 1736 315 est
1785 263 1978 315 autem

289 335 448 414 quod
482 355 598 393 non
627 334 1020 413 longinquitas
1053 343 1379 412 temporum
1417 336 1737 413 excipiente
1766 357 1982 394 memo-

287 417 374 473 ria
405 415 832 493 prodendisque
860 416 1255 473 monumentis
1282 415 1503 474 efficere
1536 423 1707 493 atque
1742 416 1979 494 adsequi

288 496 488 572 possit.
562 501 652 552 13.
690 494 888 553 Mirari
909 494 1044 553 licet
1067 515 1212 573 quae
1242 496 1357 553 sint
1385 496 1778 554 animadversa
1804 516 1839 554 a
1866 516 1981 554 me-

289 575 435 633 dicis
462 575 766 634 herbarum
800 595 1027 654 genera,
1050 595 1196 653 quae
1230 575 1487 634 radicum
1522 576 1596 633 ad
1629 595 1855 634 morsus
1886 575 1981 633 be-

289 655 546 728 stiarum,
583 656 658 713 ad
698 655 996 714 oculorum
1047 656 1299 726 morbOS,
1331 656 1407 713 ad
1453 654 1700 728 vulnera,
1734 674 1979 732 quorum

289 736 409 793 vim
443 742 616 815 atque
643 743 908 794 naturam
941 736 1090 794 ratio
1124 755 1441 813 numquam
1477 736 1800 812 explicavit,
1832 736 1983 793 utili-

289 822 412 874 tate
445 823 506 874 ct
537 835 628 874 ars
661 823 748 875 est
779 823 840 874 et
873 815 1141 874 inventor
1180 816 1471 892 probatus
1557 815 1687 893 Age
1730 835 1813 886 ea,
1838 835 1983 893 quae

291 914 644 974 quamquam
689 915 758 954 ex
803 895 916 954 alio
960 915 1169 973 genere
1213 902 1363 967 sunt,
1394 903 1589 954 tamen
1638 895 1982 953 divinationi

292 983 430 1034 sunt
458 975 750 1047 similiora,
774 975 1084 1035 videamus,

490 1100 662 1162 Atque
682 1099 836 1149 etiam
858 1107 1029 1148 ventos
1051 1107 1418 1161 praemonstrat
1440 1113 1585 1162 saepe
1608 1099 1799 1147 futuros

489 1165 726 1214 Inflatum
751 1179 903 1225 mare,
923 1179 1037 1212 cum
1061 1164 1229 1212 subito
1251 1164 1545 1227 penitusque
1568 1165 1815 1224 tumescit,

489 1234 722 1292 Saxaque
743 1245 872 1280 cana
892 1230 1012 1279 salis
1029 1229 1173 1278 niveo
1196 1239 1428 1293 spumata
1449 1229 1641 1292 liquore

488 1295 762 1345 Tristificas
783 1303 977 1345 certant
999 1295 1236 1359 Neptuno
1262 1296 1467 1345 reddere
1492 1311 1651 1358 voces,

488 1362 595 1410 Aut
616 1362 798 1410 densus
823 1361 1008 1410 stridor
1029 1376 1145 1409 cum
1169 1359 1301 1409 celso
1324 1375 1353 1409 e
1373 1361 1555 1410 vertice
1577 1362 1760 1410 montis

489 1426 641 1476 Ortus
663 1427 952 1487 adaugescit
973 1426 1289 1490 scopulorum
1312 1441 1458 1488 saepe
1481 1427 1716 1489 repulsus,

298 1537 464 1598 VIII.
500 1537 697 1616 Atque
728 1537 822 1596 his
853 1557 1044 1596 rerum
1078 1537 1576 1614 praesensionibus
1616 1537 1985 1615 prognostica

295 1627 397 1678 tua
423 1619 635 1676 referta
661 1626 812 1676 sunt.
890 1617 1035 1686 Quis
1060 1617 1243 1693 igit-ur
1270 1616 1471 1676 elicere
1498 1637 1695 1676 causas
1723 1637 1987 1694 praesen-

294 1699 524 1758 sionum
556 1699 790 1778 potest?
872 1698 998 1756 Etsi
1026 1697 1197 1756 video
1231 1697 1530 1756 Boethum
1564 1697 1827 1756 Stoicum
1862 1717 1985 1755 esse

294 1787 586 1851 conatum,
613 1780 713 1859 qui
747 1779 1027 1837 hactenus
1068 1778 1289 1857 aliquid
1330 1778 1466 1855 egit,
1486 1786 1553 1837 ut
1586 1798 1778 1837 earum
1814 1780 1985 1836 ratio-

296 1879 432 1918 nem
459 1880 650 1918 rerum
691 1859 1014 1937 explicaret,
1041 1878 1187 1936 quae
1221 1859 1281 1916 in
1315 1859 1460 1917 mari
1500 1860 1729 1917 caelove
1762 1858 1980 1917 fierent.

301 1946 396 1998 14.
440 1939 546 1998 Illa
574 1959 708 1998 vero
736 1959 837 1998 cur
863 1940 1128 1997 eveniant
1155 1939 1286 2017 quis
1313 1938 1687 2016 probabiliter
1714 1939 1959 1997 dixerit?

498 2062 640 2111 Rara
659 2060 785 2109 fulix
809 2060 978 2108 itidem
1001 2060 1198 2121 fugiens
1222 2076 1250 2110 e
1270 2061 1465 2123 gurgite
1488 2062 1625 2123 ponti

498 2127 708 2176 Nuntiat
731 2125 983 2174 horribiles
1005 2126 1228 2174 clamans
1251 2126 1437 2175 instare
1458 2126 1716 2188 procellae,

498 2193 650 2241 Haud
674 2192 891 2240 modicos
915 2192 1126 2240 tremulo
1149 2192 1364 2239 fundens
1386 2206 1415 2241 e
1436 2201 1635 2253 gutture
1659 2201 1849 2243 cantus.

497 2259 654 2320 Saepe
675 2259 822 2306 etiam
849 2258 1074 2319 pertriste
1097 2257 1235 2305 canit
1259 2256 1321 2305 de
1344 2267 1542 2320 pectore
1564 2273 1761 2307 carmen

495 2323 564 2371 Et
586 2323 840 2371 matutinis
863 2322 1097 2371 acredula
1122 2322 1321 2370 vocibus
1344 2322 1511 2382 instat,

495 2388 717 2437 Vocibus
738 2389 893 2437 instat
916 2399 967 2437 et
988 2387 1224 2436 adsiduas
1246 2388 1361 2436 iacit
1385 2403 1471 2436 orc
1496 2389 1735 2451 querelas,

493 2454 624 2502 Cum
645 2454 861 2517 piimnm
884 2452 1076 2514 gelidos
1099 2467 1235 2501 rores
1256 2468 1437 2501 aurora
1462 2454 1683 2504 remittit.

490 2518 752 2582 Fuscaque
773 2534 874 2567 non
897 2534 1173 2581 numquam
1200 2533 1407 2567 cursans
1429 2534 1513 2582 per
1535 2519 1703 2568 littora
1724 2520 1899 2568 comix

494 2584 746 2634 Demersit
767 2592 917 2647 caput
939 2593 990 2633 et
1010 2584 1219 2632 fluctum
1245 2584 1435 2633 cervice
1459 2584 1654 2648 recepit.

297 2695 404 2754 IX.
495 2701 586 2753 15.
613 2695 896 2753 Videmus
923 2694 1066 2752 haec
1095 2695 1263 2771 signa
1290 2714 1605 2773 numquam
1634 2696 1756 2753 fere
1782 2696 1989 2753 menti-

296 2776 456 2835 entia
481 2794 587 2834 nec
614 2783 810 2833 tamen
839 2794 941 2832 cur
968 2776 1050 2832 ita
1077 2774 1180 2832 fiat
1208 2775 1484 2861 videmus

496 2888 606 2937 Vos
631 2902 828 2951 quoque
851 2887 993 2949 signa
1019 2862 1390 2950 videtiS,'aq=1n'i
1412 2886 1569 2935 dulcis
1592 2886 1838 2946 alumnae,

497 2954 626 3003 Cum
650 2954 866 3006 clamore
887 2953 1070 3015 puratis
1095 2954 1266 3001 inanes
1288 2953 1494 3001 fundere
1520 2966 1663 3000 voces

499 3020 834 3082 Absurdoque
858 3033 980 3066 sono
1001 3018 1162 3065 fontes
1184 3027 1235 3067 et
1259 3028 1434 3077 stagna
1458 3018 1611 3065 cietis.

303 3131 447 3203 Quis
475 3138 562 3190 est
591 3131 688 3208 qui
717 3128 1062 3187 ranunculos
1092 3129 1203 3186 hoc
1233 3129 1425 3185 videre
1457 3128 1731 3203 suspicari
1767 3128 1990 3205 possit?

303 3213 419 3273 Sed
463 3213 612 3269 inest
652 3211 711 3267 iu
755 3209 956 3268 bestiis
999 3216 1058 3267 et
1098 3208 1425 3266 ranunculis
1466 3214 1671 3264 natura
1711 3206 1991 3281 quaedam
