2199 3546
635 158 869 222 LIB.1.‚
889 157 1048 209 cAP.
1071 158 1360 222 v11.-1x.‚
1382 157 1412 219 ς
1438 161 1618 209 16-22.
1911 163 1970 210 ιι

288 277 359 318 ex
394 257 602 336 quibus
633 259 854 337 reliqua
881 259 1227 332 formantur,
1254 266 1391 336 apte
1428 260 1701 318 cadentes
1741 260 1817 318 ad
1856 261 1975 319 ani-

286 359 450 398 mum
505 339 869 399 efficiendum
915 339 1336 418 pariendosque
1391 341 1626 398 sensus?
1706 340 1975 418 Longum

287 428 376 476 est
403 419 479 476 ad
505 420 716 492 omnia,
743 438 888 496 quae
915 419 1056 478 talia
1082 426 1233 492 sunt,
1265 427 1331 478 ut
1358 427 1559 498 optata
1584 421 1770 498 magis
1800 440 1973 498 quam

286 499 524 558 inventa
553 499 871 559 videantur.
957 506 1052 558 20⁴.
1084 499 1203 558 Sed
1233 499 1331 558 illa
1361 500 1648 578 palmariS‚
1674 501 1847 578 quod,
1874 501 1975 578 qui

286 597 407 636 non
447 580 626 637 modo
667 587 870 639 natum
907 579 1193 638 mundum
1233 580 1633 651 introduxerit,
1664 582 1767 639 sed
1799 582 1973 639 etiam

283 678 465 717 manu
485 677 666 738 paene
686 660 926 733 factum,
941 660 992 718 is
1012 679 1147 718 eum
1167 660 1378 718 dixerit
1394 660 1520 718 fore
1542 661 1971 738 sempiternum.

285 739 466 800 Hunc
499 759 694 798 censes
725 741 944 818 primiS,
976 746 1042 797 ut
1075 741 1305 812 dicitur,
1324 739 1499 798 labris
1528 748 1789 816 gustasse
1830 741 1975 818 phy-

286 819 610 897 siologiam,
640 819 706 878 id
751 827 854 892 est,
889 826 1126 878 naturae
1176 819 1481 892 rationem,
1511 821 1613 900 qui
1668 821 1975 903 quicquam

287 900 449 976 quod
477 907 670 958 ortum
698 900 776 958 sit
800 905 978 978 putet·
995 907 1293 959 aeternum
1320 919 1443 960 esse
1468 902 1675 979 posse?
1715 920 1859 980 quae
1888 907 1975 959 est

287 979 446 1036 enim
475 980 900 1056 coagmentatio
933 999 1052 1038 non
1081 980 1433 1040 dissolubilis
1460 988 1559 1039 aut
1594 981 1734 1059 quid
1768 988 1855 1040 est
1874 995 1975 1039 cu·-

286 1059 380 1116 ius
400 1059 750 1138 principium
771 1060 1008 1138 aliquod
1029 1060 1122 1131 sit,
1142 1060 1287 1119 nihil
1310 1060 1385 1118 sit
1405 1063 1763 1120 extremum?
1835 1061 1975 1118 Pro-

287 1157 438 1197 noea
470 1159 604 1200 vero
637 1141 687 1198 si
718 1147 907 1198 vestra
937 1147 1042 1212 est,
1073 1140 1277 1213 Lucili,
1307 1141 1525 1214 eadem,
1550 1142 1796 1219 requiro,
1828 1160 1973 1219 quae

288 1219 466 1297 paulo
497 1228 647 1292 ante,
677 1220 990 1292 ministros,
1020 1221 1335 1292 machinaS,
1364 1239 1593 1279 omnem
1626 1222 1809 1280 totius
1842 1240 1975 1298 ope-

287 1299 368 1358 ris
389 1297 848 1378 designationem
871 1307 1045 1378 atque
1072 1308 1446 1378 apparatum:
1492 1302 1579 1358 sin
1606 1301 1719 1360 alia
1744 1308 1849 1373 est,
1872 1320 1975 1359 cur

287 1380 592 1442 mortalem
631 1380 848 1438 fecerit
881 1381 1185 1452 mundum,
1215 1383 1357 1454 non,
1388 1400 1560 1458 quem
1609 1382 1685 1439 ad
1730 1381 1973 1439 modum

289 1459 624 1521 Platonicus
654 1460 816 1532 deus,
847 1461 1277 1538 sempiternum.
1362 1461 1469 1520 IX.
1555 1468 1647 1522 21.
1680 1462 1777 1520 Ab
1818 1469 1974 1520 utro-

291 1559 404 1618 que
429 1548 626 1599 autem
655 1541 916 1600 sciscitor
947 1561 1050 1600 cur
1080 1542 1287 1599 mundi
1320 1541 1708 1600 aedificatores
1738 1549 1973 1620 repente

291 1621 631 1694 exstiterint,
663 1621 1106 1698 innumerabilia
1144 1621 1369 1680 saecula
1400 1621 1751 1680 dormierint.
1837 1621 1897 1680 N
1896 1641 1973 1680 on

289 1701 462 1770 enim,
483 1701 804 1760 simundus
831 1701 1022 1760 nullus
1049 1709 1187 1775 erat,
1206 1701 1429 1759 saecula
1450 1721 1567 1760 non
1590 1708 1765 1760 erant.
1842 1701 1973 1760 Sae-

290 1782 418 1840 cula
442 1802 596 1840 nunc
624 1783 757 1841 dico
785 1799 905 1841 non
933 1803 1016 1855 ea,
1049 1802 1195 1862 quae
1222 1782 1444 1840 dierum
1472 1783 1845 1859 noctiumque
1872 1802 1975 1843 nu-

289 1881 448 1921 mero
491 1863 696 1921 annuis
737 1863 998 1922 cursibus
1037 1862 1450 1922 conficiuntur:
1495 1880 1631 1921 nam
1670 1863 1861 1921 fatcor
1906 1880 1976 1921 ea
2054 1922 2061 1931 ,

291 1942 414 1999 sine
443 1942 647 2000 mundi
673 1944 1043 2002 conversione
1071 1943 1219 2001 effici
1246 1963 1366 2001 non
1398 1943 1687 2023 potuisse:
1722 1942 1831 2002 'sed
1856 1943 1975 2002 fuit

293 2020 574 2097 quaedam
608 2022 680 2080 ab
707 2022 936 2081 infinito
963 2031 1225 2101 tempore
1256 2023 1579 2095 aeternitaS‚
1612 2042 1783 2101 quam
1816 2024 1975 2082 nulla

291 2102 746 2179 circumscriptio
787 2110 1116 2181 temporum
1158 2104 1519 2176 metiebatur,
1550 2104 1739 2181 spatio
1778 2110 1973 2162 tamen

293 2180 478 2258 qualis
506 2200 574 2239 ea
599 2183 776 2241 fuerit
803 2184 1059 2261 intellegi
1087 2204 1204 2243 non
1232 2191 1462 2262 potest:
1505 2182 1662 2261 quod
1688 2202 1761 2243 ne
1793 2184 1856 2241 in
1884 2204 1974 2242 co·

289 2261 633 2338 gitationem
669 2264 904 2341 quidem
945 2265 1117 2336 cadit,
1147 2272 1215 2324 ut
1247 2265 1425 2323 fuerit
1457 2271 1688 2342 tempus
1719 2264 1971 2343 aliquod,

290 2342 514 2400 nullum
547 2362 679 2401 cum
711 2351 942 2423 tempus
975 2353 1140 2403 esset.
1226 2352 1319 2403 22.
1352 2345 1475 2403 Isto
1507 2346 1688 2423 igitur
1716 2352 1838 2402 tam
1870 2343 1989 2402 im?

291 2442 492 2480 menso
526 2424 714 2501 spatio
749 2444 976 2503 quaem,
1001 2425 1201 2496 Balbe,
1226 2445 1327 2483 cur
1353 2425 1618 2483 Pronoea
1643 2432 1830 2484 vestra
1860 2444 1977 2483 ces-

291 2503 515 2561 saverit.
601 2503 955 2563 Laboremne
976 2505 1279 2583 fugiebat?
1358 2505 1445 2563 At
1470 2506 1579 2563 iste
1606 2525 1711 2563 nec
1739 2505 1975 2582 attingit

293 2583 465 2639 deum
515 2602 620 2642 nec
668 2592 788 2643 erat
833 2586 1000 2658 ulluS,
1037 2606 1167 2644 cum
1222 2602 1421 2644 omnes
1468 2592 1702 2643 naturae
1749 2585 1977 2642 numini

291 2662 509 2734 divine,
541 2664 777 2737 caelum,
807 2666 987 2743 igneS‚
1018 2673 1219 2738 terrae,
1250 2667 1431 2723 maria
1456 2672 1733 2742 parerent.
1819 2664 1977 2733 Quid

291 2750 483 2799 autem
523 2751 644 2803 erat
675 2746 832 2821 quod
860 2748 1290 2823 concupisceret
1316 2746 1458 2803 deus
1485 2746 1767 2803 mundum
1796 2745 1977 2819 signis

295 2829 353 2879 et
388 2823 698 2881 luminibus
728 2832 1025 2902 tamquam
1067 2826 1267 2883 aedilis
1309 2826 1545 2883 ornare?
1626 2824 1705 2896 Si,
1736 2831 1803 2882 ut
1835 2824 1976 2881 deus

295 2901 418 2978 ipse
445 2903 650 2961 melius
672 2904 969 2976 habitaret,
990 2912 1160 2963 antea
1180 2904 1446 2963 videlicet
1464 2912 1725 2982 tempore
1746 2903 1976 2961 infinito

294 2982 355 3039 in
378 2982 627 3041 tenebris
647 2991 942 3062 tamquam
971 2985 1031 3042 in
1054 2985 1355 3061 gurgustio
1377 2984 1747 3041 habitaverat.
1831 2982 1978 3038 Post

267 3068 488 3121 'autern
521 3065 867 3123 varietatene
907 3083 1041 3122 eum
1075 3064 1346 3121 delectari
1387 3069 1673 3139 putamus,
1706 3080 1819 3137 qua
1858 3078 1978 3116 cae-

293 3142 414 3199 lum
449 3150 508 3201 et
533 3150 712 3202 terras
745 3150 1046 3201 exornatas
1073 3143 1371 3199 videmus?
1452 3141 1611 3209 Quae
1643 3142 1753 3197 ista
1784 3143 1979 3215 potest

294 3240 418 3281 esse
459 3223 768 3283 oblectatio
802 3224 950 3281 deo?
993 3240 1139 3299 qnae
1180 3222 1230 3279 si
1272 3226 1435 3289 esset,
1465 3238 1583 3277 non
1624 3237 1693 3275 ea
1721 3226 1839 3275 tam
1877 3215 1979 3272 diu
