2199 3546
269 114 368 161 240
792 114 891 163 DE
917 112 1427 163 DIVINATIONE.

269 234 334 271 ac
362 214 613 272 tertium..
699 214 862 275 Num.
886 216 1080 291 igitur,
1099 221 1167 271 ut
1188 214 1386 291 inepti,
1404 214 1647 273 Veneris
1668 214 1729 271 id
1749 214 1949 291 impul-

269 313 332 350 su
365 293 486 351 fieri
507 295 792 353 malumus
821 314 994 371 quam
1023 314 1156 352 casu
1184 294 1409 352 dicere?
1484 293 1653 362 Quod
1676 294 1727 351 si
1753 296 1955 353 ceteris

267 374 624 451 temporibus
651 375 812 432 falsis
841 375 974 431 visis
1001 374 1350 433 credendum
1371 394 1489 431 non
1518 380 1621 445 est,
1645 393 1763 431 non
1785 375 1955 433 video

267 453 408 531 quid
439 455 734 533 praecipui
775 473 1010 512 somnus
1043 453 1268 526 habeat,
1299 454 1360 511 in
1395 474 1511 532 quo
1552 454 1778 511 valeant-
1809 455 1955 513 falsa

265 553 371 611 pro
417 534 576 593 veris,
667 540 796 592 122.
842 534 1015 604 Quod
1047 535 1096 591 si
1129 535 1213 592 ita
1244 542 1448 592 natura
1480 541 1741 611 paratum
1786 542 1951 603 esset,

266 622 332 671 ut
361 634 428 673 ea
447 614 798 674 dormientes
825 622 1076 691 agerent,
1102 634 1247 692 quae
1268 614 1633 687 somniarent,
1660 614 1955 691 adligandi

267 713 468 753 omnes
489 703 676 755 essent
699 696 799 774 qui
819 694 1080 753 cubitum
1102 695 1266 753 irent.
1334 694 1581 753 Maiores
1602 696 1753 753 enim
1780 714 1955 773 quam

265 774 368 833 ulli
395 775 583 833 insani
611 774 898 834 efficerent
926 782 1121 833 motus
1148 774 1513 833 somniantes.
1600 774 1772 844 Quod
1801 776 1845 832 si
1871 775 1956 831 in-

265 874 534 913 sanorum
563 855 700 913 visis
727 854 870 913 fides
896 875 1014 914 non
1031 863 1133 915 ,est
1159 854 1437 926 habenda,
1464 855 1599 933 quia
1624 855 1771 912 falsa
1798 863 1950 928 sunt,

265 955 366 992 cur
413 936 678 994 credatur
721 936 1134 994 somniantium
1179 936 1329 1006 visiS,
1362 954 1506 1013 quae
1548 934 1735 993 multo
1776 936 1954 993 etiam

265 1016 686 1091 perturbatiora
717 1024 868 1089 sunt,
899 1036 1017 1074 non
1051 1015 1342 1093 intellego,
1426 1016 1527 1073 An
1576 1015 1733 1093 quod
1764 1016 1955 1073 insani

266 1114 366 1152 sua
398 1096 520 1153 visa
552 1096 863 1154 coniectori
891 1116 1010 1153 non
1035 1103 1547 1168 .narrant,.narrant
1582 1096 1681 1173 qui
1708 1096 1954 1153 somnia·

264 1176 502 1233 verunt?
574 1176 800 1245 Quaero
826 1175 1020 1248 etiam,
1043 1176 1093 1233 si
1123 1175 1291 1233 velim
1324 1175 1567 1234 scribere
1596 1176 1738 1254 quid
1758 1183 1859 1233 aut
1879 1176 1954 1233 le-

263 1273 397 1331 gere
425 1263 525 1314 aut
552 1275 752 1314 canere
779 1256 869 1314 vel
899 1256 1152 1315 voce-vel
1172 1256 1384 1313 fidibus
1410 1263 1513 1313 aut
1537 1256 1952 1333 geometricum

267 1335 540 1411 quiddam
590 1343 690 1395 aut
737 1336 1042 1415 physicum
1091 1344 1193 1394 aut
1240 1336 1603 1395 dialecticum
1652 1335 1948 1414 explicare,

267 1416 629 1474 somniumne
663 1417 1111 1495 exspectandum
1140 1417 1217 1475 sit
1242 1436 1315 1475 an
1344 1436 1434 1475 ars
1462 1416 1805 1487 adhibenda,
1830 1416 1951 1473 sine

266 1514 382 1572 qua
407 1496 552 1553 nihil
579 1516 773 1555 earum
801 1516 989 1555 rerum
1016 1517 1123 1555 nec
1150 1496 1273 1555 fieri
1301 1516 1406 1555 nec
1440 1496 1695 1574 expediri
1722 1498 1951 1573 potest?

265 1574 467 1653 Atqui,
491 1596 562 1633 ne
591 1576 642 1633 si
668 1578 934 1654 navigare
967 1578 1203 1655 quidem
1232 1577 1421 1649 velim,
1444 1578 1529 1634 ita
1553 1576 1947 1654 gubernarem,

265 1662 332 1712 ut
375 1656 796 1721 somniaverim.
877 1657 1155 1715 Praesens
1202 1658 1377 1715 enim·
1400 1675 1589 1734 poena
1636 1656 1725 1714 sit.
1815 1662 1945 1714 123.

266 1733 380 1804 Qui
413 1735 590 1814 igitur
629 1737 898 1795 convenit
929 1756 1130 1816 aegros
1163 1756 1199 1795 a
1230 1736 1553 1796 coniectore
1593 1736 1949 1795 somniorum

265 1817 461 1893 potius
495 1835 666 1894 quam
700 1837 736 1875 a
765 1817 1220 1896 medicopetere
1252 1817 1631 1876 medicinam?
1712 1817 1811 1874 An
1838 1817 1951 1875 Ae·

266 1896 551 1974 sculapius
595 1917 668 1955 an
711 1897 938 1975 Serapis
981 1905 1178 1975 potest
1218 1897 1388 1956 nobis
1432 1897 1811 1974 praescribere
1846 1895 1950 1974 pei·

266 1977 556 2034 somnium
600 1979 954 2036 curationem
1001 1978 1362 2048 valetudinis,
1398 1977 1706 2056 Neptunus
1749 1977 1953 2055 guber-

266 2056 536 2114 nantibus
564 2077 680 2115 non
707 2059 941 2134 potest?
981 2065 1040 2115 et
1067 2059 1189 2116 sine
1217 2059 1445 2116 medico
1472 2058 1819 2116 medicinam
1854 2057 1951 2115 da-

265 2135 354 2192 bit
387 2135 658 2208 Minerva,
683 2137 881 2196 Musae
915 2137 1218 2210 scribendi,
1241 2137 1487 2215 legendi,
1519 2147 1832 2196 ceterarum
1866 2157 1951 2195 ar-

265 2215 413 2272 tium
461 2217 758 2275 scientiam
807 2217 1229 2276 somniantibus
1268 2237 1385 2276 non
1412 2217 1693 2276 -dabunt‘ss
1772 2217 1858 2274 At
1901 2217 1950 2274 si

265 2295 484 2352 curatio
527 2296 756 2354 daretur
789 2297 1147 2368 valetudinis,
1178 2297 1322 2355 haec
1351 2317 1598 2375 quoque,
1632 2317 1775 2375 quae
1808 2298 1947 2368 dixi,

264 2374 551 2432 darentur.
637 2375 796 2444 Quae
825 2378 1097 2454 quoniam
1128 2378 1500 2449 nondantur,
1524 2378 1811 2435 medicina
1833 2397 1950 2435 non

265 2454 450 2513 datur.
534 2455 662 2525 Qua
689 2456 912 2514 sublata
938 2457 1159 2515 tollitur
1188 2458 1377 2516 omnis
1404 2459 1715 2516 auctoritas
1742 2459 1953 2515 somni·-

265 2554 449 2592 orum.
1182 2584 1187 2590 .
1709 2577 1711 2580 ψ

345 2614 468 2673 LX.
558 2621 689 2675 124.
735 2617 848 2676 Sed
875 2617 1016 2676 haec
1050 2637 1279 2696 quoque
1306 2617 1365 2674 in
1395 2624 1670 2694 promptu
1697 2617 1950 2676 fuerint:

263 2713 418 2752 nunc
445 2695 718 2754 interiora
749 2698 1057 2755 videamus.
1136 2698 1260 2755 Aut
1283 2697 1435 2755 enim
1460 2697 1658 2754 divina
1677 2698 1763 2754 vis
1784 2715 1953 2775 quae-

267 2773 400 2833 dam
429 2777 728 2834 consulens
755 2777 922 2835 nobis
951 2778 1305 2834 somniorum
1336 2776 1780 2854 significationes
1807 2776 1953 2835 facit

253 2861 368 2920 ‚aut
398 2856 748 2914 coniectores
781 2877 850 2914 ex
885 2857 1130 2934 quadam
1166 2857 1563 2915 convenientia
1596 2865 1655 2915 et
1682 2858 1954 2915 coniunc-

251 2933 436 2993 'tione‘
455 2942 708 3008 naturae,
733 2956 904 3013 quam
939 2945 1148 2994 vocant
1176 2937 1541 3012 συμπάθειαν,
1568 2937 1710 3014 quid
1743 2937 1953 3013 cuique

264 3014 347 3071 rei
375 3017 677 3074 conveniat
704 3035 773 3072 ex
802 3017 1040 3074 somniis
1061 3024 1121 3074 et
1142 3015 1281 3093 quid
1303 3036 1589 3096 quamque
1610 3037 1731 3075 rem
1755 3036 1953 3094 sequa-

264 3097 361 3148 tur
387 3094 731 3172 intellegunt
759 3103 858 3153 aut
885 3115 1081 3154 eorum
1112 3104 1377 3155 nentrum
1408 3105 1511 3173 est,
1536 3097 1638 3154 sed
1668 3097 1953 3174 quaedam

265 3169 586 3247 observatio
619 3182 885 3232 constans
914 3186 1084 3250 atque
1114 3177 1385 3234 diuturna
1412 3184 1514 3248 est,
1528 3196 1670 3234 -cum
1702 3177 1844 3254 quid
1874 3177 1946 3233 vi·-
