2199 3546
171 134 270 181 250
381 168 386 173 .
692 131 792 181 DE
824 129 1325 183 DIVINATIONE.

170 230 490 303 restitisset,
517 231 673 290 haud
714 232 834 290 seio
873 250 948 289 an
980 225 1088 289 soli
1120 232 1236 289 iam
1268 229 1603 308 philosophi
1642 230 1852 289 iudica-

169 318 382 369 rentur.
466 310 615 370 Cum
658 311 867 388 quibus
908 312 1097 369 omnis
1137 312 1259 369 fere
1300 309 1469 369 nobis
1509 310 1851 388 disceptatio

171 392 578 470 contentioque
620 399 722 462 est,
754 410 870 477 non
915 390 1072 468 quod
1106 410 1204 449 eos
1236 390 1485 447 maxime
1526 397 1853 449 contemna-

169 490 314 539 muS,
339 471 439 529 sed
486 471 642 548 quod
688 470 958 529 videntur
999 470 1325 529 acutissime
1370 470 1681 528 sententias
1724 489 1854 528 suas

170 549 725 628 prudentissimeque
753 550 1076 609 defendere.
1110 590 1115 595 -
1160 548 1311 607 Cum
1338 555 1531 607 autem
1554 549 1851 626 proprium

171 630 248 687 sit
280 629 659 688 Academieae
691 630 968 687 iudicium
1013 648 1179 687 suum
1214 628 1436 687 nullum
1469 629 1850 705 interponere,

171 728 256 781 ea⁸
277 709 536 788 probare,
567 729 712 787 quae
753 709 1044 767 simillima
1084 709 1203 767 veri
1243 708 1561 779 videantur,
1592 708 1853 766 conferre

171 808 367 846 causas
393 796 453 847 et
482 789 622 867 quid
651 790 710 847 in
741 808 1026 867 quamque
1055 788 1399 847 sententiam
1420 787 1537 845 dici
1557 787 1742 864 possit
1762 806 1855 845 ex-

171 886 449 945 promere,
479 869 634 927 nulla
666 869 926 928 adhibita
957 888 1060 927 sua
1086 868 1425 927 auctoritate
1452 866 1729 927 iudicium
1758 886 1854 924 au-

172 947 455 1006 dientium
488 949 803 1026 relinquere
830 950 1117 1027 integrum
1154 968 1219 1006 ac
1246 948 1507 1019 liberum,
1529 946 1853 1005 tenebimus

171 1026 318 1085 hanc
352 1030 822 1087 consuetudinem
853 1048 887 1087 a
915 1028 1148 1087 Socrate
1179 1028 1474 1098 traditam,
1497 1045 1676 1105 eaque
1702 1026 1853 1084 inter

170 1126 295 1179 nos,
325 1108 374 1165 si
405 1109 531 1180 tibi,
563 1108 777 1177 Quinte
808 1109 1002 1180 frater,
1026 1108 1292 1187 placebit,
1318 1126 1491 1185 quam
1524 1106 1852 1183 saepissime

171 1198 413 1246 utemur.
499 1187 645 1245 Mihi
678 1206 830 1259 vero,
853 1188 1045 1265 inquit
1077 1188 1190 1258 ille,
1214 1186 1359 1244 nihil
1391 1192 1585 1264 potest
1618 1205 1737 1244 esse
1770 1188 1851 1243 iu-

171 1266 431 1325 cundius.
515 1266 674 1337 Quae
701 1286 833 1325 cum
862 1274 1051 1325 essent
1076 1267 1250 1339 dicta,
1274 1266 1637 1324 surreximus.
