2199 3546
193 163 197 168 ·
223 147 320 195 264
891 146 994 197 DE
1027 144 1232 199 FATO.

219 245 396 306 babat
421 254 482 307 et
508 246 683 305 nimis
710 247 1131 306 inconsiderate
1158 247 1425 306 concludi
1452 247 1601 306 hanc
1627 247 1915 307 rationem

218 326 477 405 putabat.
564 327 768 405 Itaque
796 326 1093 407 premebat
1120 328 1234 385 alio
1268 328 1444 386 modo
1473 347 1580 386 nec
1607 328 1783 385 ullam
1817 330 1917 387 ad-

218 406 457 467 hibebat
497 407 876 465 calumniam:
920 408 1082 472 cuius
1126 415 1247 466 erat
1283 407 1423 465 haec
1464 407 1757 466 conclusio
1794 409 1829 437 ‘⁴
1848 410 1937 486 Si-

218 489 418 545 omnia
463 487 935 547 antecedentibus
983 488 1169 545 causis
1215 488 1379 559 fiunt,
1421 488 1619 545 omnia
1664 489 1913 548 naturali

217 568 588 645 colligatione
613 574 874 626 conserte
901 574 1285 645 contexteque
1310 566 1473 626 fiunt.
1551 567 1725 637 Quod
1752 570 1800 627 si
1828 570 1914 628 ita

217 656 322 721 est,
355 648 551 706 omnia
583 648 890 707 necessitas
922 645 1114 706 efficit.
1201 648 1273 705 Id
1304 648 1355 705 si
1386 668 1585 707 verum
1628 654 1731 721 est,
1762 648 1911 707 nihil

217 735 305 787 est
332 730 394 787 in
421 735 620 786 nostra
644 733 949 805 potestate.
1035 728 1142 786 Est
1161 734 1357 787 autem
1384 728 1604 805 aliquid
1623 729 1684 785 in
1712 736 1912 788 nostra

215 814 518 885 potestate.
587 808 688 881 At,
711 809 760 867 si
782 808 981 867 omnia
999 808 1125 866 fato
1149 808 1313 880 fiunt,
1334 809 1531 866 omnia
1548 809 1733 866 causis
1754 817 1912 868 ante·

215 888 552 947 cedentibus
578 887 742 947 fiunt.
819 888 954 946 Non
977 888 1158 966 igitur
1182 888 1309 947 fato
1338 888 1486 946 fiunt
1514 907 1909 967 quaecumque

215 967 417 1027 fiunt.’'
503 975 596 1026 32.
641 968 803 1026 Haec
845 970 1023 1027 artius
1063 968 1307 1045 astringi
1347 968 1495 1026 ratio
1536 987 1655 1027 non
1692 975 1904 1045 potest.

195 1046 369 1105 -Nam
403 1049 452 1106 si
486 1049 615 1126 quis
635 1049 787 1107 ,velit
813 1049 970 1106 idem
1003 1049 1215 1107 referre
1248 1055 1422 1125 atque
1456 1048 1541 1106 ita
1570 1048 1757 1106 dicere
1788 1048 1823 1076 “
1840 1048 1906 1106 Si

215 1146 388 1186 omne
419 1128 682 1187 futurum
717 1148 786 1186 ex
819 1129 1157 1186 aeternitate
1190 1145 1385 1187 verum
1422 1134 1526 1199 est,
1551 1134 1617 1186 ut
1643 1128 1728 1187 ita
1754 1135 1906 1187 certe

214 1209 454 1278 eveniat,
480 1227 652 1285 quem
679 1208 754 1265 ad
781 1208 1022 1265 modum
1051 1208 1127 1265 sit
1155 1208 1435 1279 futurum,
1456 1207 1653 1265 omnia
1676 1226 1905 1267 necesse

213 1294 303 1345 est
335 1288 701 1364 colligatione
733 1288 979 1345 naturali
1012 1295 1272 1345 conserte
1305 1294 1686 1365 contexteque
1724 1287 1850 1345 fieri
1866 1287 1903 1317 ”

213 1366 359 1424 nihil
387 1367 558 1426 dicat.
643 1366 892 1426 Multum
922 1368 1076 1425 enim
1106 1368 1303 1426 differt
1330 1375 1524 1427 utrum
1552 1386 1723 1427 causa
1742 1375 1905 1426 natu-

212 1448 347 1505 ralis
380 1467 450 1505 ex
483 1448 818 1506 aeternitate
850 1449 1050 1506 futura
1080 1468 1214 1506 vera
1239 1447 1448 1507 efficiat
1476 1467 1549 1507 an
1576 1448 1752 1507 etiam
1780 1448 1904 1507 sine

213 1528 549 1586 aeternitate
592 1527 855 1599 naturali,
890 1528 1089 1587 futura
1134 1548 1278 1606 qua-:2
1323 1529 1455 1601 sint,
1496 1548 1565 1587 ea
1605 1548 1739 1587 vera
1780 1548 1903 1588 esse

213 1608 438 1682 possint
457 1607 730 1685 intellegi.
807 1607 1010 1686 Itaque
1031 1608 1260 1666 dicebat
1288 1608 1611 1667 Carneades
1629 1628 1703 1667 ne
1724 1607 1903 1686 Apol-

213 1686 389 1745 linem
433 1685 664 1765 quidem
707 1688 906 1747 futura
944 1708 1115 1765 posse
1156 1687 1360 1759 dicere,
1396 1688 1507 1747 nisi
1539 1708 1623 1761 ea,
1655 1708 1902 1767 quorum

213 1787 410 1825 causas
437 1775 641 1826 natura
665 1767 748 1826 ita
773 1768 1110 1842 contineret,
1132 1776 1199 1828 ut
1226 1788 1295 1828 ea
1318 1767 1443 1828 fieri
1473 1788 1700 1828 necesse
1732 1777 1897 1829 esset.

215 1853 307 1904 33.
353 1847 508 1916 Quid
541 1848 696 1906 enim
719 1854 982 1926 spectans
1003 1849 1146 1907 deus
1165 1849 1291 1927 ipse
1311 1849 1527 1908 diceret
1548 1849 1897 1922 Marcellum,

211 1946 362 1998 eum,
397 1928 500 2005 qui
537 1935 626 1986 ter
679 1928 878 1987 consul
918 1929 1051 2001 fuit,
1087 1930 1149 1988 in
1190 1930 1335 1987 mari
1383 1949 1503 1988 esse
1543 1930 1901 2007 periturum?

210 2006 351 2065 Erat
379 2007 488 2065 hoc
516 2009 750 2085 quidem
782 2028 981 2066 verum
1009 2029 1080 2068 ex
1108 2009 1459 2081 aeternitate,
1483 2010 1584 2070 sed
1612 2029 1809 2068 causas
1836 2010 1899 2070 id

211 2086 518 2145 efficientes
562 2106 680 2146 non
712 2087 976 2147 habebat.
1062 2089 1157 2147 Ita
1196 2108 1271 2147 ne
1313 2090 1622 2167 praeterita
1665 2090 1900 2168 quidem

211 2185 293 2238 ea,
325 2187 570 2244 quorum
603 2168 760 2226 nulla
791 2170 957 2246 signa
988 2174 1285 2247 tamquam
1317 2170 1560 2247 vestigia
1590 2176 1896 2242 exstarent,

210 2245 472 2323 Apollini
494 2254 634 2305 nota
660 2267 781 2306 esse
802 2248 1086 2321 censebat,
1108 2269 1224 2327 quo
1245 2249 1438 2308 minus
1460 2250 1687 2308 futural
1754 2249 1901 2308 Cau-

209 2325 288 2382 sis
328 2327 483 2384 enim
523 2326 901 2386 efficientibus
941 2348 1231 2407 quamque
1269 2349 1391 2388 rem
1440 2330 1687 2407 cognitis
1727 2347 1898 2406 posse

209 2405 458 2483 denique
492 2407 622 2464 sciri
650 2407 792 2484 quid
817 2407 1081 2465 futurum
1116 2415 1279 2467 esset.
1365 2407 1521 2487 Ergo
1554 2427 1658 2466 nec
1685 2407 1759 2466 de
1786 2407 1898 2466 Oe-

209 2485 424 2563 dipode
444 2487 700 2565 potuisse
721 2486 1053 2565 Apollinem
1075 2488 1402 2566 praedicere
1430 2488 1601 2547 nullis
1622 2489 1683 2546 in
1703 2507 1896 2546 rerum

210 2574 413 2624 natura
445 2567 628 2626 causis
660 2568 1019 2646 praepositiS,
1050 2587 1153 2626 cur
1184 2567 1257 2626 ab
1291 2588 1360 2626 eo
1393 2576 1617 2646 patrem
1649 2566 1897 2627 interfici

208 2663 436 2706 necesse
465 2654 629 2719 esset,
656 2666 760 2706 nec
790 2649 1097 2726 quicquam
1128 2649 1249 2706 eius
1276 2648 1453 2708 modi.

289 2726 424 2786 XV.
471 2727 766 2800 Quocirca,
799 2728 848 2787 si
875 2727 1103 2800 Stoicis,
1135 2727 1235 2806 qui
1268 2729 1466 2787 omnia
1496 2727 1623 2786 fato
1656 2726 1781 2786 fieri
1812 2726 1896 2785 di-

209 2813 364 2878 cunt,
395 2815 842 2866 consentaneum
885 2815 973 2867 est
1002 2807 1177 2867 huius
1216 2808 1379 2866 modi
1420 2807 1649 2867 oracula
1688 2814 1899 2866 cetera-

209 2904 336 2962 que,
362 2906 506 2964 quae
538 2887 615 2945 ad
645 2888 1063 2946 divinationem
1097 2887 1381 2965 pertinere
1422 2888 1713 2960 dicuntur,
1743 2906 1898 2946 com·

207 2965 465 3042 probare,
489 2968 560 3025 iis
587 2975 799 3040 autem,
823 2969 938 3046 qui,
965 2986 1111 3045 quae
1130 2969 1330 3026 futura
1356 2975 1506 3038 sunt,
1526 2987 1596 3026 ea
1620 2986 1754 3026 vera
1774 2986 1897 3025 esse

208 3063 278 3101 ex
306 3047 640 3106 aeternitate
685 3047 901 3119 dicunt,
925 3067 1045 3106 non
1088 3046 1247 3104 idem
1291 3047 1602 3106 dicendum
1636 3054 1740 3120 est,
1764 3047 1896 3105 vide

208 3143 282 3181 ne
313 3144 434 3182 non
465 3127 665 3184 eadem
699 3128 776 3185 sit
806 3127 1036 3186 illorum
1077 3145 1249 3184 causa
1289 3133 1347 3185 et
1380 3125 1726 3186 Stoicorum.
1809 3126 1892 3186 Hi

207 3204 364 3261 enim
406 3213 681 3282 urgentur
719 3207 1035 3283 angustius,
1066 3206 1297 3264 illorum
1328 3206 1477 3265 ratio
1511 3206 1701 3266 soluta
1730 3225 1798 3265 ac
1830 3205 1897 3264 li-
