2199 3546
206 118 305 174 148
733 117 836 168 DE
865 115 1078 168 121le
1080 115 1303 167 ATION
1308 116 1367 166 E.

203 221 338 294 fuit,
357 221 434 282 de
465 225 697 280 senatus
729 221 1015 280 sententia
1053 220 1259 279 refecit
1292 239 1363 278 ex
1396 218 1675 278 Caeciliae
1710 219 1900 278 Balia-

202 303 309 362 rici
334 301 484 361 filiae
511 301 755 360 somnio.

285 382 394 441 III.
479 388 534 441 5.
575 381 776 460 Atque
817 381 975 454 haec,
1007 389 1074 440 ut
1116 400 1227 458 ego
1268 381 1530 451 arbitror,
1556 387 1774 439 veteres
1814 400 1901 440 re-

202 482 333 524 rum
363 462 552 539 magis
589 462 813 520 eventis
844 462 1055 520 moniti
1097 479 1272 539 quam
1311 460 1535 520 ratione
1576 461 1736 519 docti
1768 481 1900 539 pro—

202 543 499 602 baverunt.
583 541 1075 619 Philosophorum
1109 561 1245 599 vero
1286 541 1573 619 exquisita
1612 542 1895 619 quaedam

203 629 545 701 argumenta
575 641 678 680 cur
709 629 858 680 esset
884 641 1020 680 vera
1047 621 1331 680 divinatio
1372 621 1612 680 collecta
1652 628 1819 679 sunt:
1864 642 1896 679 e

205 704 431 782 quibuS,
454 710 522 761 ut
555 703 628 760 de
659 701 1075 780 antiquissimis
1108 702 1325 779 loquar,
1350 701 1749 780 Colophonius
1782 701 1897 758 Xe·

204 783 520 861 nophaneS,
543 801 694 840 unus
735 782 836 859 qui
876 781 1017 840 deos
1057 802 1181 840 esse
1222 782 1453 854 diceret,
1476 782 1893 840 divinationem

205 863 473 921 funditus
505 861 752 920 sustulit.
837 861 1070 940 Reliqui
1097 882 1233 921 vero
1266 881 1469 920 omnes
1502 868 1728 940 praeter
1760 861 1897 938 Epi-

207 962 408 1000 curum
429 943 846 1002 balbutientem
875 942 949 1000 de
973 950 1183 1001 natura
1208 942 1447 1000 deorum
1478 943 1893 1000 divinationem

205 1022 611 1100 probaverunt,
635 1022 738 1081 sed
765 1041 883 1079 non
915 1041 1036 1082 uno
1064 1022 1259 1082 modo,
1346 1021 1497 1080 Nam
1533 1042 1662 1082 cum
1700 1021 1897 1080 Socra·

206 1110 296 1160 tes
317 1120 630 1180 omnesque
651 1101 931 1161 Socratici
948 1103 1219 1181 Zenoque
1240 1109 1299 1161 et
1320 1103 1379 1170 ii,
1399 1103 1499 1180 qui
1520 1103 1592 1162 ab
1615 1122 1686 1160 eo
1706 1111 1897 1160 essent

207 1181 474 1259 profecti,
491 1183 824 1240 manerent
808 1202 872 1240 m
887 1184 1261 1261 antiquorum
1278 1182 1755 1260 philosophorum
1774 1201 1899 1238 sen-

207 1262 394 1320 tentia
419 1269 608 1321 vetere
627 1262 952 1320 Academia
977 1271 1036 1321 et
1063 1263 1465 1355 Peripateticis
1492 1262 1900 1328 consentienti-

208 1341 334 1414 buS,
355 1361 603 1421 cumque
635 1342 772 1400 huic
813 1344 896 1401 rei
931 1362 1204 1420 magnam
1248 1341 1648 1401 auctoritatem
1684 1341 1901 1418 Pytha-

209 1441 380 1501 goras
405 1423 522 1481 iam
550 1429 684 1481 ante
705 1423 1015 1494 tribuisset,
1043 1423 1144 1516 qui
1170 1423 1346 1480 etiam
1374 1424 1497 1500 ipse
1526 1441 1710 1499 augur
1730 1421 1901 1480 vellet

211 1522 350 1575 esse,
345 1503 746 1596 plurimisque
763 1503 904 1564 locis
924 1503 1115 1580 gravis
1136 1510 1337 1560 auctor
1352 1502 1723 1560 Democritus
1741 1521 1902 1579 prae-

212 1584 536 1641 sensionem
590 1603 780 1642 rerum
841 1584 1168 1641 futurarum
1230 1582 1646 1660 comprobaret,
1697 1581 1903 1640 Dicae-

212 1664 416 1721 archus
449 1663 870 1740 Peripateticus
910 1669 1101 1722 cetera
1131 1663 1505 1722 divinationis
1540 1681 1751 1740 genera
1782 1681 1904 1719 sus·

211 1743 365 1814 tulit,
401 1744 758 1802 somniorum
815 1749 875 1802 et
927 1742 1144 1801 furoris
1196 1743 1445 1821 reliquit,
1476 1742 1904 1821 Cratippusque

213 1824 512 1883 familiaris
539 1832 752 1895 noster,
779 1843 950 1903 quem
979 1843 1088 1901 ego
1118 1842 1315 1901 parem
1342 1824 1585 1881 summis
1612 1823 1906 1903 Peripate-

213 1905 345 1962 ticis
373 1904 584 1976 iudico,
603 1904 812 1963 iisdem
853 1904 1022 1962 rebus
1055 1904 1231 1961 fidem
1262 1903 1485 1974 tribuit,
1509 1903 1729 1980 reliqua
1760 1903 1921 1961 divi-.

214 1985 469 2043 nationis
509 2004 722 2062 genera
758 1985 971 2043 reiecit.
1059 1990 1112 2042 6.
1158 1983 1274 2041 Sed
1314 2002 1446 2041 cum
1482 1982 1664 2041 Stoici
1706 1982 1907 2041 omnia

215 2065 338 2122 fere
365 2065 464 2123 illa
491 2065 885 2137 defenderent,
907 2064 1064 2143 quod
1093 2071 1153 2123 et
1185 2064 1339 2122 Zeno
1367 2064 1425 2121 in
1462 2064 1583 2121 suis
1614 2082 1907 2121 commen·-

215 2145 376 2203 tariis
395 2145 557 2223 quasi
579 2146 799 2202 semina
816 2144 1095 2223 quaedam
1118 2144 1417 2223 sparsisset
1432 2150 1493 2202 et
1514 2162 1581 2203 ea
1596 2143 1907 2201 Cleanthes

215 2224 389 2301 paulo
423 2223 690 2282 uberiora
720 2225 968 2295 fecisset,
991 2225 1230 2283 accessit
1246 2225 1533 2283 acerrimo
1554 2224 1643 2282 vir
1668 2224 1905 2301 ingenio

217 2303 596 2379 ChrysippuS,
627 2303 727 2381 qui
760 2311 945 2362 totam
981 2304 1053 2363 de
1086 2305 1443 2363 divinatione
1486 2304 1713 2362 duobus
1746 2302 1907 2361 libris

217 2382 524 2460 explicavit
553 2382 913 2454 sententiam,
938 2403 1055 2441 uno
1083 2392 1377 2462 praeterea
1403 2385 1475 2443 de
1504 2384 1764 2454 oraculis,
1789 2400 1907 2441 uno

217 2463 292 2521 de
321 2462 592 2521 somniis:
629 2482 799 2541 quem
830 2464 1181 2542 subsequens
1208 2484 1391 2523 unum
1419 2464 1629 2522 librum
1658 2463 1910 2541 Babylo-

217 2543 350 2601 nius
393 2542 690 2620 Diogenes
729 2543 932 2616 edidit,
963 2545 1088 2602 eius
1130 2544 1377 2615 auditor,
1408 2545 1527 2602 duo
1575 2543 1906 2621 Antipater,

221 2624 478 2701 quinque
503 2630 700 2682 noster
725 2624 1091 2683 Posidonius.
1178 2624 1293 2683 Sed
1326 2644 1362 2682 a
1394 2624 1605 2683 Stoicis
1634 2623 1722 2681 vel
1754 2623 1912 2701 prin·

219 2722 356 2780 ceps
403 2704 526 2761 eius
574 2704 924 2781 disciplinae,
969 2704 1275 2763 Posidonii
1323 2704 1543 2776 doctor,
1592 2702 1911 2781 discipulus

220 2783 536 2862 Antipatri,
569 2784 939 2861 degeneravit
981 2784 1310 2856 PanaetiuS,
1342 2802 1448 2843 nec
1490 2793 1686 2843 tamen
1736 2800 1911 2841 ausus

221 2870 310 2922 est
337 2883 544 2941 negare
572 2864 692 2922 vim
725 2883 848 2923 esse
875 2864 1191 2936 divinandi,
1215 2865 1317 2923 sed
1350 2865 1613 2923 dubitare
1647 2883 1707 2922 se
1740 2864 1907 2921 dixit.

221 2943 394 3012 Quod
428 2944 512 3003 illi
545 2945 605 3004 in
639 2944 830 3022 aliqua
861 2964 922 3002 re
955 2944 1315 3002 invitissimis
1348 2944 1561 3002 Stoicis
1594 2944 1793 3001 Stoico
1827 2944 1912 3001 fa·

222 3042 348 3080 cere
388 3023 568 3095 licuit,
595 3024 657 3082 id
699 3043 807 3081 nos
849 3030 917 3079 ut
959 3024 1019 3079 in
1063 3023 1298 3100 reliquis
1342 3024 1511 3081 rebus
1554 3024 1837 3080 faciamus
1878 3043 1912 3079 a

223 3100 435 3159 Stoicis
465 3122 582 3159 non
619 3102 999 3160 concedetur?
1039 3104 1371 3177 praesertim
1408 3121 1537 3159 cum
1574 3102 1652 3172 id,
1685 3102 1758 3159 de
1792 3121 1911 3179 quo

222 3178 501 3239 Panaetio
523 3200 642 3237 non
663 3179 862 3255 liquet,
882 3179 1119 3255 reliquis
1138 3180 1390 3237 eiusdem
1414 3180 1751 3255 disciplinae
1772 3181 1911 3237 solis
