2199 3546
205 131 304 181 228
725 129 826 180 DE
859 129 1357 179 DIVINATIONE.

204 230 482 309 signifero
508 230 573 289 in
605 230 758 304 orbe,
781 231 880 309 qui
905 230 1121 289 Graece
1155 229 1415 298 ζωδιακὸς
1444 230 1670 302 dicitur,
1693 230 1886 304 talem,

203 319 271 370 ut
302 312 425 371 eius
457 311 612 369 orbis
645 331 760 369 una
793 330 1051 388 quaeque
1083 331 1215 387 pars
1256 311 1366 369 alia
1406 311 1517 369 alio
1552 311 1727 369 modo
1769 330 1891 367 mo-

203 399 332 450 veat
363 392 746 468 immutetque
779 390 1014 462 caelum,
1039 391 1277 467 perinde
1310 398 1376 449 ut
1404 409 1661 467 quaeque
1696 389 1889 449 stellae

200 472 262 529 in
284 471 355 530 iis
374 470 750 549 finitimisque
771 470 1030 548 partibus
1057 471 1175 528 sint
1196 489 1424 548 quoque
1444 478 1721 547 tempore,
1740 490 1892 528 eam-

203 570 314 629 que
341 551 458 609 vim
487 552 639 609 varie
672 551 892 608 moveri
917 550 990 607 ab
1017 550 1090 607 iis
1124 550 1420 621 sideribus,
1441 570 1586 628 quae
1612 558 1891 610 vocantur

201 632 462 690 errantia.
546 631 696 689 Cum
737 638 931 688 autem
970 630 1033 687 in
1075 650 1201 688 eam
1241 631 1429 706 ipsam
1469 637 1691 707 partem
1733 631 1890 688 orbis

201 712 478 783 venerint,
508 712 570 768 in
613 730 727 788 qua
767 710 844 768 sit
885 717 1044 767 ortus
1085 710 1223 779 ciue,
1256 710 1356 787 qui
1388 716 1668 781 nascatur,
1693 717 1793 768 aut
1824 710 1887 767 in

201 809 346 862 eam,
384 810 528 868 quae
577 790 949 848 coniunctum
999 789 1219 867 aliquid
1259 788 1468 848 habeat
1515 796 1615 847 aut
1654 809 1889 847 consen-

201 870 366 942 tienS,
397 890 464 929 ea
502 870 789 947 triangula
828 870 912 927 illi
945 877 1005 928 et
1038 870 1315 947 quadrata
1354 870 1673 929 nominant.
1756 869 1890 927 Ete-

200 949 323 1007 nim
352 969 482 1007 cum
511 958 771 1027 tempore
799 950 936 1007 anni
956 956 1367 1027 tempestatum
1395 957 1567 1027 atque
1594 948 1735 1007 caeli
1756 968 1889 1007 con-

109 1072 118 1079 .
200 1029 486 1087 versiones
509 1030 1103 1106 commutationesque
1122 1037 1316 1087 tantae
1338 1029 1478 1087 fiant
1505 1048 1733 1087 accessu
1760 1029 1889 1086 stel-

200 1108 382 1167 larum
411 1116 470 1167 et
495 1128 734 1180 recessu,
759 1128 1004 1185 cumque
1039 1129 1107 1167 ea
1133 1110 1190 1167 vi
1220 1110 1355 1167 solis
1389 1108 1720 1181 efficiantur,
1742 1128 1886 1187 quae

200 1188 387 1246 videm
396 1208 476 1261 uS,
496 1208 614 1246 non
635 1189 752 1246 veri
783 1188 966 1245 simile
995 1188 1199 1260 solum,
1220 1190 1321 1247 sed
1342 1189 1516 1247 etiam
1540 1208 1735 1246 verum
1764 1208 1886 1246 esse

201 1275 448 1339 censent,
483 1268 737 1345 perinde,
773 1274 1084 1345 utcumque
1132 1275 1485 1346 temperatus
1532 1269 1606 1327 sit
1652 1276 1768 1340 aer,
1804 1269 1887 1327 ita

199 1366 407 1425 pueros
447 1348 695 1406 orientes
735 1348 976 1405 animari
1010 1355 1181 1426 atque
1214 1349 1451 1406 formari
1486 1368 1554 1406 ex
1588 1368 1771 1425 eoque
1803 1348 1887 1405 in-

198 1428 383 1504 genia,
403 1447 607 1500 moreS,
638 1428 912 1499 animum,
944 1447 1166 1506 corpuS,
1198 1430 1482 1486 actionem
1526 1429 1691 1500 vitae,
1723 1447 1885 1486 casus

198 1508 473 1586 cuiusque
514 1517 863 1585 eventusque
903 1507 1061 1583 fingi.
1147 1508 1363 1567 XLIII.
1450 1514 1543 1566 90.
1590 1508 1643 1567 O
1676 1472 1885 1568 ’delira-

197 1587 870 1665 tionem-immilem!
953 1587 1088 1645 Non
1118 1588 1273 1645 enim
1303 1589 1492 1645 omnis
1520 1608 1675 1646 error
1702 1588 1885 1647 stulti-

198 1668 281 1725 tia
307 1674 393 1726 est
414 1668 670 1727 dicenda.
748 1666 970 1737 Quibus
992 1668 1166 1725 etiam
1188 1668 1483 1745 Diogenes
1504 1668 1732 1725 Stoicus
1753 1687 1883 1726 con-

198 1748 352 1807 cedit
392 1748 625 1826 aliquid,
657 1754 724 1806 ut
764 1747 1087 1825 praedicere
1121 1748 1346 1826 possint
1388 1748 1687 1807 dumtaxat
1728 1748 1882 1826 quali

199 1829 438 1905 quisque
465 1836 669 1886 natura
695 1836 754 1886 et
781 1829 855 1886 ad
884 1848 1054 1906 quam
1092 1829 1333 1906 quisque
1361 1830 1608 1902 maxime
1637 1848 1757 1886 rem
1786 1849 1883 1906 ap-

196 1915 290 1966 tus
317 1909 546 1966 futurus
575 1910 664 1966 sit.
737 1908 955 1979 Cetera,
979 1929 1123 1986 quae
1150 1929 1220 1985 pl
1223 1908 1543 1980 ofiteantur,
1564 1917 1741 1986 negat
1767 1909 1880 1967 ullo

196 1989 372 2046 modo
395 2008 564 2067 posse
591 1989 754 2070 sciri:
790 1989 1004 2046 etenim
1031 1989 1395 2065 geminorum
1418 1989 1636 2046 formas
1664 2008 1783 2046 esse
1812 1988 1883 2046 si-

193 2067 376 2139 mileS,
412 2069 589 2126 vitam
640 2075 812 2146 atque
856 2069 1149 2126 fortunam
1196 2067 1531 2145 plerumque
1576 2068 1877 2146 disparem.

195 2146 427 2206 Procles
459 2155 519 2206 et
545 2149 698 2224 Eury
685 2147 949 2219 ⁷,sthenes
976 2147 1558 2206 Lacedaemoniorum
1586 2167 1763 2225 reges,
1786 2168 1881 2226 ge-

193 2227 340 2283 mini
372 2227 576 2285 fratres
609 2228 858 2285 fuerunt.
947 2233 1038 2284 91.
1076 2228 1161 2286 At
1188 2228 1251 2285 hi
1284 2247 1389 2285 nec
1417 2229 1663 2286 totidem
1697 2247 1880 2286 annos

193 2306 490 2365 vixerunt:
535 2326 686 2364 anno
729 2307 881 2364 enim
928 2306 1121 2365 Procli
1155 2308 1273 2365 vita
1314 2307 1542 2366 brevior
1582 2308 1714 2379 fuit,
1738 2308 1882 2382 mul-

193 2393 434 2463 tumque
481 2387 531 2443 is
574 2386 739 2444 frat-ri
784 2406 972 2444 rerum
1017 2393 1308 2464 gestarum
1351 2387 1535 2464 gloria
1574 2387 1876 2464 praestitit.

193 2466 278 2524 At
311 2485 420 2542 ego
453 2465 517 2523 id
550 2466 757 2543 ipsum,
784 2467 940 2544 quod
969 2467 1056 2523 vir
1088 2468 1361 2544 optimuS,
1384 2467 1693 2544 DiogeneS,
1715 2467 1882 2526 Chal-

193 2544 352 2604 daeis
401 2547 562 2622 quasi
604 2546 851 2624 quadam
892 2548 1375 2623 praevaricatione
1417 2547 1698 2619 concedit,
1728 2565 1881 2624 nego

193 2645 361 2702 posse
401 2626 672 2702 intellegi.
758 2626 990 2684 Etenim
1033 2647 1182 2698 cum,
1214 2633 1281 2684 ut
1319 2626 1430 2704 ipsi
1474 2627 1691 2698 dicunt,
1722 2633 1881 2686 ortus

191 2705 548 2763 nascentium
582 2706 718 2764 luna
749 2707 1094 2777 moderetur,
1120 2725 1299 2783 eaque
1332 2707 1789 2765 animadvertant
1822 2714 1881 2766 et

191 2792 398 2843 notent
431 2786 616 2843 sidera
657 2786 921 2844 natalicia
961 2785 1253 2858 Chaldaei,
1287 2804 1677 2863 quaecumque
1711 2786 1880 2846 lunae

193 2864 389 2922 iuncta
428 2865 743 2936 videantur,
776 2865 1070 2923 oculorum
1114 2865 1483 2923 fallacissimo
1525 2885 1693 2924 sensu
1735 2866 1882 2925 iudi-

194 2950 329 3001 cant
361 2963 442 3015 ea,
468 2963 611 3021 quae
652 2946 872 3002 ratione
915 2952 1085 3022 atque
1121 2946 1313 3002 animo
1350 2946 1540 3004 videre
1574 2945 1875 3005 debebant.

193 3022 382 3082 Docet
403 3025 557 3082 enim
585 3025 732 3082 ratio
760 3024 1315 3096 mathematicorum,
1338 3045 1507 3102 quam
1531 3025 1658 3082 istis
1677 3033 1880 3084 notam

194 3120 314 3160 esse
337 3104 654 3180 oportebat,
677 3111 890 3181 quanta
909 3104 1235 3162 humilitate
1258 3105 1395 3162 luna
1413 3107 1646 3174 feratur,
1667 3113 1879 3163 terram

193 3199 373 3256 paene
401 3185 756 3260 contingens,
783 3190 1059 3262 quantum
1083 3183 1233 3242 absit
1260 3203 1295 3242 a
1321 3185 1585 3259 proxima
1611 3185 1879 3245 Mercurii
