2199 3546
370 138 379 147 “
490 142 1491 223 14113.1.,cA1³.xxx11.-xxx1v‚,
1517 158 1547 220 5
1576 160 1755 211 ⁷o-76.
1872 159 1967 212 173

279 263 555 333 discessit,
582 269 648 319 ut
674 262 756 319 ait
783 260 1080 331 Philistus,
1106 278 1273 337 aegre
1294 260 1505 317 ferens.
1590 259 1743 318 Cum
1772 267 1971 320 autem

279 342 696 421 aliquantulum
733 351 1081 417 progressus.
1099 346 1266 411 esset,
1294 340 1487 398 subito
1521 340 1813 399 exaudivit
1844 342 1971 399 hin·

281 426 470 483 nitum
511 422 873 499 respexitque
915 428 976 479 et
1015 439 1227 497 equum
1270 420 1511 478 alacrem
1552 420 1735 479 laetus
1774 438 1971 499 aspex-

281 506 348 576 it,
383 504 546 561 cuius
578 504 640 560 in
671 500 810 559 iuba
849 520 1085 559 examen
1129 501 1323 578 apium
1364 501 1712 559 consederat.
1797 501 1973 570 Quod

283 590 576 643 ostentum
629 581 834 641 habuit
885 580 1034 638 hanc
1093 580 1231 653 vim,
1275 587 1342 638 ut
1397 579 1717 658 Dionysius
1772 582 1971 658 paucis

285 670 420 741 post
447 662 649 722 diebus
674 676 911 739 regnare
939 660 1209 736 coeperit.
1286 660 1574 719 XXXIV.
1648 658 1741 719 ¹74.
1778 659 1971 730 Quid?

285 741 768 813 Lacedaemoniis,
799 740 971 818 paulo
1012 747 1145 798 ante
1179 739 1531 798 Leuctricam
1568 740 1969 811 calamitatem,

287 844 434 902 quae
481 822 828 899 significatio
877 822 1034 878 facta
1079 826 1184 893 est,
1227 840 1359 878 cum
1408 820 1468 877 in
1520 820 1789 879 Herculis
1833 821 1973 878 fano

286 923 448 963 arma
485 908 799 961 sonuerunt
831 900 1211 977 Herculisque
1253 899 1617 958 simulacrum
1660 900 1845 958 multo
1887 920 1977 957 su-

284 986 428 1043 dore
467 982 758 1041 manavit?
837 982 924 1037 At
967 981 1173 1038 eodem
1215 987 1478 1056 tempore
1522 979 1753 1051 Thebis,
1784 988 1849 1039 ut
1892 980 1976 1038 ait

289 1063 682 1133 Callisthenes,
713 1062 773 1119 in
805 1060 1026 1138 templo
1056 1060 1322 1119 Herculis
1348 1060 1543 1119 valvae
1570 1061 1791 1119 clausae
1819 1080 1977 1139 repa-

290 1144 442 1222 gulis
473 1144 666 1201 subito
700 1162 760 1199 se
793 1143 950 1217 ipsae
981 1147 1344 1218 aperuerunt,
1374 1159 1662 1219 armaque,
1686 1160 1831 1219 quae
1863 1140 1979 1199 fixa

290 1226 354 1282 in
383 1222 699 1301 parietibus
731 1222 978 1292 fuerant,
1009 1240 1078 1277 ea
1108 1227 1246 1278 sunt
1277 1220 1440 1278 humi
1474 1222 1720 1279 inventa.
1804 1221 1978 1279 Cum-

291 1324 405 1382 que
445 1303 649 1361 eodem
683 1308 944 1378 tempore
973 1300 1134 1377 apud
1165 1299 1475 1360 Lebadiam
1508 1300 1847 1379 Trophonio
1888 1320 1977 1359 res

294 1384 489 1442 divina
514 1382 692 1457 fieret,
716 1381 898 1458 gallos
923 1382 1269 1457 gallinaceos
1294 1382 1355 1437 in
1384 1400 1452 1439 eo
1475 1381 1602 1438 loco
1632 1382 1713 1439 sic
1740 1382 1978 1439 adsidue

293 1483 496 1523 canere
537 1462 806 1539 coep'isse,
836 1468 904 1519 ut
943 1460 1086 1519 nihil
1120 1460 1601 1519 intermitterent:
1645 1469 1770 1519 tum
1806 1480 1981 1538 augu-

293 1563 388 1603 res
439 1542 650 1601 dixisse
703 1541 982 1599 Boeotios
1028 1540 1435 1599 Thebanorum
1483 1560 1605 1598 esse
1660 1542 1977 1614 victoriam,

287 1630 602 1702 propterea
631 1622 789 1699 quod
817 1622 936 1679 avis
963 1620 1063 1679 illa
1094 1621 1247 1679 victa
1276 1621 1440 1679 silere
1474 1620 1717 1679 soleret:
1761 1640 1978 1693 canere,

295 1705 346 1763 si
373 1702 618 1761 vicisset.
705 1701 736 1759 7
745 1708 797 1759 5.
843 1701 1175 1780 Eademque
1200 1708 1545 1780 tempestate
1574 1701 1771 1759 multis
1804 1702 1982 1780 signis

255 1797 262 1804 ·
293 1783 765 1846 Lacedaemoniis
795 1781 1125 1840 Leuctricae
1164 1801 1393 1860 pugnae
1434 1783 1726 1840 calamitas
1767 1777 1984 1840 denua-'-

296 1865 563 1924 tiabatur.
650 1863 915 1939 Namque
957 1869 1016 1920 et
1051 1863 1114 1919 in
1148 1862 1445 1939 Lysandri,
1478 1863 1577 1939 qui
1612 1862 1985 1920 Lacedaemo-

298 1945 530 2005 niorum
571 1942 914 2002 clarissimus
945 1943 1153 2012 fuerat,
1182 1949 1388 2012 statua,
1418 1961 1565 2019 quae
1597 1941 1843 2018 Delphis
1877 1949 1986 1999 sta-

291 2023 503 2096 -bat,.'1n
531 2023 732 2101 capite.
748 2041 962 2080 corona
987 2021 1180 2080 subito
1207 2023 1429 2080 exstitit
1457 2041 1526 2079 ex
1555 2022 1769 2097 asperis
1797 2021 1987 2080 herbis

299 2112 362 2162 et
389 2102 724 2181 agrestibuS,
745 2103 1052 2180 stellaeque
1079 2121 1296 2172 aureae,
1322 2121 1466 2180 quae
1493 2101 1739 2179 Delphis
1766 2109 1928 2160 erant
1954 2121 1989 2160 a

303 2183 768 2242 Lacedaemoniis
800 2181 1186 2261 p'ositaepost
1218 2182 1474 2240 navalem
1504 2181 1661 2239 illam
1690 2182 1987 2240 victoriam

289 2263 600 2343 Lysandri,
631 2281 746 2340 qua
775 2262 1163 2321 Athenienses
1194 2261 1583 2333 conciderunt,
1608 2281 1722 2340 qua
1754 2263 1812 2319 in
1848 2283 1990 2340 pug-

303 2364 380 2402 na
427 2344 562 2422 quia
609 2342 814 2400 Castor
862 2349 922 2400 et
967 2341 1177 2400 Pollux
1225 2361 1355 2400 cum
1407 2341 1987 2400 Lacedaemoniorum

291 2424 481 2484 ‚classe
511 2423 630 2481 :visi
663 2441 784 2481 esse
826 2421 1179 2494 dicebantur,
1208 2439 1405 2480 eorum
1441 2423 1691 2500 insignia
1731 2423 1987 2495 deorum,

289 2504 514 2562 stellae
530 2521 752 2574 aureae,
783 2521 924 2579 quas
956 2502 1093 2573 dixi,
1117 2501 1363 2579 Delphis
1389 2503 1627 2581 positae,
1650 2503 1825 2581 paulo
1858 2509 1991 2560 ante

289 2583 663 2642 Leuctricam
691 2601 946 2660 pugnam
973 2582 1309 2640 deciderunt
1336 2601 1521 2660 neque
1550 2589 1806 2660 repertae
1840 2589 1988 2640 sunt.

311 2663 402 2722 76.
448 2663 766 2720 Maximum
802 2681 934 2720 vero
967 2661 1114 2719 illud
1140 2668 1471 2739 portentum
1506 2662 1711 2720 iisdem
1747 2661 1994 2740 Spartia-

307 2743 384 2802 tis
412 2741 751 2819 fuit,.quod⁷,.
772 2761 906 2800 cum
939 2741 1229 2799 oraculum
1264 2741 1337 2800 ab
1372 2742 1509 2800 Iove
1540 2741 1862 2799 Dodonaeo
1899 2760 1996 2819 pe-

307 2819 572 2882 tivissent
599 2822 672 2880 de
700 2821 940 2880 victoria
966 2822 1323 2880 sciscitantes
1346 2819 1632 2900 legatique
1657 2816 1807 2898 [vas]
1832 2820 1992 2892 illud,

297 2903 378 2962 ‚ini
401 2921 516 2980 quo
543 2903 769 2960 inerant
795 2908 992 2971 sorteS,
1017 2901 1463 2972 collocavissent,
1489 2903 1671 2970 simia,
1696 2919 1869 2978 quam
1897 2920 1995 2958 rex

310 2980 697 3041 Molossorum.
723 2982 787 3039 in
813 2982 1032 3039 deliciis
1058 2981 1323 3052 habebat,
1350 2989 1409 3039 et
1437 2987 1617 3038 sortes
1644 2981 1797 3056 ipsas
1826 2987 1885 3038 et
1912 2999 1998 3038 ce-

309 3069 450 3134 tera,
475 3081 620 3140 quae
643 3068 812 3120 erant
830 3062 904 3120 ad
925 3068 1137 3120 sortem
1161 3067 1375 3140 parata,
1398 3061 1743 3118 disturbavit
1762 3067 1821 3118 et
1842 3059 1999 3118 aliud

311 3142 426 3200 alio
454 3142 774 3220 dissipavit.
843 3141 996 3198 Tum·
1025 3161 1107 3214 ea,
1130 3161 1275 3220 quae
1303 3140 1631 3220 praeposita
1658 3146 1779 3199 erat
1807 3159 1999 3199 oracu-

300 3222 388 3294 -10,
419 3223 682 3281 sacerdos
720 3221 932 3298 dixisse
963 3222 1177 3281 dicitur
1213 3221 1285 3282 de
1318 3221 1499 3281 salute
1530 3219 1997 3289 Lacedaemoniis

2052 3417 2191 3512 A
