2199 3546
193 145 290 195 164
713 142 810 189 DE
844 140 1349 189 DIVINATIONE.

190 242 629 321 diligentissime
657 261 746 298 res
774 240 1118 297 Hannibalis
1144 247 1475 316 persecutus
1502 246 1621 298 est:
1658 240 1887 297 Hanni«

192 323 395 394 halem,
421 341 552 379 cum
582 322 824 399 cepisset
847 320 1187 396 Saguntum,
1213 321 1396 378 visum
1427 340 1547 377 esse
1575 321 1634 376 in
1658 322 1875 377 somnis

191 422 226 461 a
253 404 389 461 Iove
417 402 479 459 in
508 401 748 459 deorum
781 400 1088 457 concilium
1124 400 1347 457 vocari:
1390 419 1506 478 quo
1534 418 1667 457 cum
1696 401 1877 457 venis-

191 490 293 556 set,
326 482 524 541 Iovem
565 482 873 558 imperasse
915 486 982 537 ut
1015 480 1215 537 Italiae
1248 479 1461 537 bellum
1496 480 1733 537 inferret
1774 479 1875 537 du-

190 582 428 641 cemque
461 562 514 619 ei
548 580 730 620 unum
763 580 794 619 e
829 559 1072 617 concilio
1108 560 1327 630 datum,
1358 554 1672 636 quo‘illum
1716 567 1875 617 uten-

188 650 308 702 tem
351 660 482 700 cum
526 642 775 699 exercitu
810 639 1080 718 progredi
1120 640 1391 716 coepisse,
1421 646 1547 697 tum
1582 640 1633 697 ei
1668 640 1871 697 ducem

188 723 349 780 illum
384 719 737 800 praecepisse
770 740 843 779 ne
875 720 1199 797 respiceret,
1230 718 1393 777 illum
1428 725 1619 777 autem
1656 720 1719 777 id
1738 720 1874 777 'diu-

188 804 303 861 tius
324 803 512 860 facere
532 821 651 859 non
672 801 930 879 potuisse
951 800 1280 877 elatumque
1307 800 1625 877 cupiditate
1652 819 1874 877 respex-

188 884 313 954 isse,
335 891 465 940 tum
495 882 674 939 visam
702 881 930 939 beluam
963 888 1183 938 vastam
1210 887 1271 949 et
1296 880 1608 937 immanem
1637 880 1873 938 circum—

187 962 457 1040 plicatam
486 960 844 1039 serpentibus
873 979 1233 1038 quacumque
1262 960 1550 1018 incederet
1579 960 1773 1017 omnia
1793 979 1874 1017 ar-

188 1043 370 1113 busta,
401 1042 666 1119 virgulta,
697 1047 850 1099 tecta
889 1048 1227 1118 pervertere,
1258 1047 1318 1098 et
1360 1060 1493 1099 eum
1528 1039 1873 1097 admiratum

187 1123 472 1201 quaesisse
500 1121 573 1179 de
601 1122 710 1179 deo
742 1121 1033 1199 quodnam
1056 1120 1201 1178 illud
1222 1126 1371 1178 esset
1397 1120 1509 1177 tale
1530 1128 1871 1190 monstrum,

187 1210 245 1260 et
272 1202 446 1260 deum
466 1200 827 1278 respondisse
847 1201 1174 1259 vastitatem
1198 1220 1319 1259 esse
1343 1200 1541 1259 Italiae
1563 1200 1875 1277 praecepis-

187 1301 359 1359 seque
391 1288 458 1340 ut
485 1288 746 1359 pergeret
773 1281 1053 1358 protinuS,
1087 1280 1229 1357 quid
1261 1288 1413 1339 retro
1446 1289 1619 1357 atque
1648 1299 1683 1337 a
1710 1287 1873 1356 tergo

186 1360 346 1420 fieret
372 1380 445 1419 ne
472 1361 770 1419 laboraret.
851 1367 942 1418 50.
980 1361 1159 1437 Apud
1189 1360 1573 1437 Agathoclem
1597 1360 1873 1438 scriptum

185 1442 247 1498 in
289 1441 533 1499 historia
578 1449 664 1499 est
709 1440 1117 1500 Hamilcarem.
1144 1440 1705 1517 Karthaginiensem,
1742 1459 1873 1498 cum

185 1527 547 1599 oppugnaret
581 1520 903 1597 Syracusae,
934 1521 1121 1577 visum
1164 1539 1285 1578 esse
1326 1520 1525 1578 audire
1566 1539 1785 1591 vocem,
1814 1540 1873 1577 se

184 1602 464 1679 postridie
508 1606 842 1658 cenaturum
885 1600 1213 1676 Syracusis:
1264 1618 1396 1658 cum
1440 1607 1631 1658 autem
1666 1601 1717 1657 is
1749 1600 1875 1659 dies

184 1680 478 1752 illuxisset,
508 1699 780 1756 magnam
823 1680 1167 1737 seditionem
1210 1680 1273 1737 in
1317 1680 1516 1737 castris
1558 1680 1681 1737 eius
1725 1680 1875 1739 inter

184 1761 414 1820 Poenos
459 1766 518 1818 et
561 1759 785 1818 Siculos
829 1760 1042 1819 milites
1085 1779 1207 1818 esse
1247 1760 1495 1818 factam:
1542 1760 1699 1839 quod
1740 1780 1873 1819 cum

184 1841 492 1900 sensissent
536 1839 894 1918 Syracusani,
925 1841 1241 1918 improviso
1284 1859 1384 1898 eos
1416 1840 1478 1898 in
1512 1847 1696 1898 eastra
1734 1841 1874 1899 irru-

182 1922 337 2057 pisse
380 1920 882 1999 Hamilcaremque
926 1920 999 1978 ab
1043 1921 1115 1978 iis
1158 1921 1354 1978 vivum
1398 1939 1521 1978 esse
1562 1920 1869 1979 sublatum.

216 2009 278 2059 ta
307 2020 398 2059 res
430 2001 720 2058 somnium
759 1999 1172 2078 comprobavit.
1258 2000 1440 2058 Plena
1478 2000 1873 2078 exemplorum

183 2089 271 2140 est
323 2081 580 2152 historia,
621 2088 748 2138 tum
796 2081 1009 2138 referta
1055 2080 1177 2138 vita
1222 2081 1561 2138 communis
1650 2087 1743 2138 51.
1787 2080 1873 2138 At

181 2180 316 2218 vero
346 2161 412 2218 P.
436 2160 652 2220 Decius
678 2161 774 2218 ille
808 2159 875 2229 Q„
901 2161 982 2232 F„
1008 2161 1110 2238 qui
1136 2160 1356 2238 primus
1384 2179 1416 2218 e
1443 2159 1641 2218 Deciis
1673 2161 1872 2218 consul

182 2241 314 2312 fuit,
347 2259 478 2299 cum
512 2248 661 2298 esset
691 2237 957 2298 tribunus
988 2241 1241 2298 militum
1272 2239 1350 2298 M.
1375 2239 1609 2300 Valerio
1636 2239 1710 2298 A.
1736 2240 1872 2298 Cor-

183 2320 336 2381 nelio
370 2319 698 2378 consulibus
731 2339 766 2376 a
797 2319 1267 2397 Samnitibusque
1295 2326 1648 2398 premeretur
1678 2327 1873 2378 noster

184 2399 479 2470 exercitae,
521 2418 652 2456 cum
695 2399 947 2477 pericula
988 2399 1339 2477 proeliorum
1382 2400 1555 2458 iniret
1600 2399 1871 2458 audacius

186 2487 624 2557 monereturque
658 2489 723 2536 ut
755 2479 977 2537 cautior
1009 2487 1174 2551 esset,
1205 2480 1369 2551 dixit,
1401 2479 1559 2556 quod
1591 2486 1777 2537 exstat
1808 2480 1871 2536 in

183 2559 514 2616 annalibus:
559 2559 667 2616 sibi
697 2558 755 2615 in
783 2560 1002 2617 somnis
1034 2560 1221 2618 visum
1255 2579 1391 2631 esse,
1415 2577 1547 2618 cum
1576 2559 1638 2616 in
1665 2559 1871 2618 mediis

185 2639 448 2696 hostibus
469 2644 796 2709 versaretur,
823 2639 1078 2696 occidere
1102 2658 1233 2696 cum
1255 2639 1507 2696 maxima
1524 2638 1725 2716 gloria.
1792 2639 1871 2697 Et

183 2726 308 2777 tum
341 2717 572 2796 quidem
599 2717 903 2776 incolumis
924 2719 1236 2776 exereitum
1266 2718 1567 2777 obsidione
1588 2719 1865 2777 liberavit.

183 2798 329 2856 Post
360 2797 672 2856 triennium
705 2805 916 2870 autem,
947 2817 1079 2856 cum
1116 2798 1315 2856 consul
1348 2805 1513 2870 esset,
1544 2798 1777 2857 devovit
1809 2816 1870 2856 se

183 2885 243 2936 et
283 2878 345 2935 in
385 2878 566 2936 aciem
605 2877 941 2936 Latinorum
974 2878 1182 2953 irrupit
1224 2885 1489 2936 armatus
1575 2878 1705 2947 Quo
1747 2877 1871 2936 eius

182 2958 341 3016 facto
374 2957 626 3035 superati
654 2963 788 3015 sunt
815 2963 874 3014 et
902 2956 1076 3015 deleti
1104 2956 1311 3015 Latini.
1397 2957 1577 3016 Cuius
1605 2977 1761 3015 mors
1787 2958 1870 3014 ita

183 3033 434 3112 gloriosa
464 3034 596 3106 fuit,
619 3041 688 3094 ut
719 3036 958 3110 eandem
977 3037 1403 3114 concupisceret
1424 3036 1590 3096 filius.
1668 3037 1864 3096 XXV.

186 3121 278 3171 52.
323 3114 439 3172 Sed
466 3115 761 3172 veniamus
781 3134 951 3186 nunc,
975 3116 1023 3172 si
1050 3116 1254 3193 placet,
1280 3116 1353 3174 ad
1375 3118 1599 3174 somnia
1618 3117 1869 3195 philoso-

183 3193 448 3268 phorum.
533 3194 638 3252 Est
664 3195 818 3272 apud
842 3194 1144 3254 Platonem
1174 3195 1453 3268 Socrate-²⁵,
1477 3215 1609 3254 cum
1638 3202 1787 3256 esset
1807 3196 1867 3253 in
