2199 3546
231 139 327 189 126
665 138 766 189 DE
801 135 1109 188 NATURA
1145 135 1469 188 DEORUM.

229 241 410 312 rione,
433 239 636 298 tertius
662 238 944 310 Volcan0,
967 238 1092 296 Nili
1114 237 1252 310 filio,
1272 239 1434 296 cuius
1460 236 1662 295 urbem
1686 238 1923 316 Aegyp-

230 321 302 378 tii
329 319 531 378 volunt
557 339 678 378 esse
705 338 850 390 eam,
875 338 1020 396 quae
1047 317 1375 394 Heliopolis
1402 317 1735 394 appellatur,
1758 339 1923 396 quar-

230 407 326 458 tus
373 400 439 470 is,
484 418 654 476 quem
702 399 948 457 heroicis
996 397 1356 474 temporibus
1404 397 1674 455 Acantho
1722 397 1921 454 Rhodi

231 480 518 556 peperisse
573 479 786 536 dicitur
812 522 826 536 .
852 522 865 536 .
891 522 906 536 .
932 477 1125 554 Ialysi,
1166 477 1399 549 Camiri,
1434 476 1624 547 Lindi,
1661 478 1917 554 quintus,

233 561 333 636 qui
377 557 610 618 Colchis
651 559 838 616 fertur
877 558 1123 616 Aeetam
1162 564 1223 615 et
1255 556 1481 614 Circam
1514 557 1916 634 procreavisse.

231 637 430 696 XXII.
519 644 612 696 55.
656 637 905 696 Volcani
937 638 1078 695 item
1113 636 1453 714 complureS,
1482 636 1706 714 primus
1742 636 1919 694 Caelo

232 725 417 790 natus,
448 737 518 776 ex
556 737 672 796 quo
713 725 774 776 et
806 717 1064 775 Minerva
1099 715 1436 794 Apollinem
1478 735 1630 786 eum,
1661 716 1823 774 cuius
1856 717 1919 774 in

230 797 414 856 tutela
441 797 702 856 Athenas
718 797 941 874 antiqui
962 796 1222 854 historici
1242 815 1364 854 esse
1387 795 1705 864 voluerunt,
1726 814 1922 853 secun-

233 878 343 936 dus
370 877 508 935 Nilo
536 884 720 949 natus,
740 876 981 947 Phthas,
1000 883 1068 934 ut
1098 875 1380 952 Aegyptii
1412 874 1721 952 appellant,
1746 893 1919 951 quem

231 957 532 1016 custodem
566 976 688 1015 esse
719 956 979 1033 Aegypti
1012 955 1231 1026 volunt,
1254 955 1458 1012 tertius
1481 974 1551 1011 ex
1579 954 1751 1012 tertio
1780 952 1920 1011 Iove

233 1045 293 1096 et
335 1035 575 1106 Iunone,
611 1036 711 1112 qui
748 1035 953 1094 Lemni
995 1034 1247 1092 fabricae
1295 1033 1541 1092 traditur
1580 1033 1917 1111 praefuisse,

234 1123 470 1194 quartus
497 1115 748 1173 Menalio
776 1123 962 1186 natus,
987 1115 1086 1191 qui
1114 1113 1305 1172 tenuit
1331 1113 1545 1171 insulas
1572 1119 1807 1190 propter
1834 1112 1921 1170 Si-

233 1197 442 1267 ciliam,
465 1214 608 1274 quae
629 1194 943 1253 Volcaniae
970 1193 1431 1251 nominabantur.
1512 1198 1603 1250 56.
1649 1192 1921 1251 Mercuri-

232 1295 302 1333 us
338 1295 488 1334 unus
529 1274 702 1333 Caelo
735 1282 915 1353 patre,
945 1273 1061 1332 Die
1093 1279 1277 1330 matre
1309 1281 1493 1344 natuS,
1524 1273 1686 1331 cuius
1728 1273 1924 1331 obsce-

231 1355 366 1413 nius
392 1355 640 1413 excitata
664 1363 868 1413 natura
894 1353 1158 1423 traditur,
1182 1352 1339 1429 quod
1366 1360 1599 1428 aspectu
1630 1352 1924 1430 Proserpi-

232 1454 340 1494 nae
375 1442 699 1493 commotus
732 1435 824 1505 sit,
855 1434 999 1493 alter
1023 1433 1295 1492 Valent-is
1324 1440 1382 1488 et·
1416 1432 1723 1489 Coronidis
1749 1431 1918 1503 filius,

232 1515 284 1572 is
329 1515 427 1592 qui
473 1514 579 1572 sub
623 1514 788 1572 terris
828 1513 1072 1572 habetur
1112 1512 1268 1570 idem
1302 1511 1352 1568 T
1356 1510 1686 1587 rophoniuS,
1716 1512 1922 1569 tertius

235 1593 372 1653 Iove
403 1594 576 1652 tertio
609 1600 778 1651 natus
811 1600 871 1650 et
904 1592 1071 1662 Maia,
1104 1612 1175 1650 ex
1206 1611 1320 1668 quo
1352 1599 1411 1648 et
1438 1591 1729 1667 Penelopa
1758 1590 1923 1648 Pana

233 1681 437 1732 natum
462 1674 676 1743 ferunt,
701 1679 936 1749 quartus
963 1671 1101 1730 Nilo
1127 1679 1308 1749 patre,
1331 1691 1501 1749 quem
1526 1671 1805 1746 Aegyptii
1824 1690 1923 1728 ne-

233 1753 324 1812 fas
357 1753 573 1811 habent
606 1752 921 1823 nominare,
952 1751 1205 1829 quintuS,
1230 1770 1403 1830 quem
1436 1750 1634 1809 colunt
1666 1749 1925 1809 Phenea-

233 1840 343 1905 tae,
376 1833 476 1911 qui
509 1832 738 1910 Argum
771 1832 982 1890 dicitur
1013 1832 1371 1890 interemisse
1412 1830 1489 1889 ob
1522 1849 1760 1907 eamque
1793 1849 1923 1888 cau-

233 1933 357 1971 sam
390 1914 729 1991 Aegyptum
764 1911 1089 1990 profugisse
1122 1918 1295 1988 atque
1329 1910 1639 1986 Aegyptiis
1670 1909 1823 1986 leges
1861 1917 1923 1967 et

234 1994 452 2053 litteras
479 1992 797 2051 tradidisse.
882 1991 1060 2049 Hunc
1087 1990 1370 2067 Aegyptii
1390 1988 1586 2047 Thoth
1608 1988 1917 2065 appellant,

235 2074 553 2151 eodemque
585 2071 822 2129 nomine
852 2071 992 2128 anni
1019 2072 1241 2147 primus
1266 2069 1479 2127 mensis
1512 2069 1666 2144 apud
1694 2088 1792 2127 eos
1824 2090 1922 2126 vo-

235 2161 410 2211 catur.
497 2151 590 2210 57.
633 2149 1112 2226 Aesculapiorum
1146 2150 1365 2226 primus
1401 2148 1708 2226 Apollinis,
1747 2167 1919 2225 quem

236 2230 490 2289 Arcades
529 2229 745 2299 colunt,
776 2230 877 2307 qui
921 2229 1218 2305 specillum
1263 2228 1547 2286 invenisse
1587 2227 1920 2305 primusque

236 2309 441 2367 vulnus
461 2310 673 2368 dicitur
701 2309 1058 2387 obligavisse,
1083 2308 1367 2365 sccundus
1395 2307 1630 2365 secundi
1652 2306 1921 2364 Mercurii

233 2390 445 2447 frater:
500 2389 549 2446 is
594 2388 841 2447 fulmine
884 2406 1185 2465 percussus
1228 2386 1439 2445 dicitur
1482 2386 1753 2444 humatus
1796 2405 1919 2443 esse

236 2467 566 2545 Cynosuris,
602 2469 806 2526 tertius
850 2468 1089 2544 Arsippi
1134 2474 1194 2525 et
1229 2467 1526 2536 Arsinoae,
1558 2466 1658 2542 qui
1697 2464 1919 2541 primus

236 2547 636 2625 purgationem
665 2546 777 2605 alvi
798 2547 1101 2623 dentisque
1129 2541 1497 2613 evulsionem,
1518 2551 1584 2601 ut
1604 2544 1815 2613 ferunt,
1835 2544 1920 2601 in-

238 2628 411 2697 venit,
447 2626 608 2685 cuius
640 2626 702 2683 in
743 2626 994 2683 Arcadia
1028 2645 1148 2683 non
1186 2625 1356 2701 longe
1397 2642 1433 2681 a
1471 2622 1645 2684 Lusio
1679 2622 1918 2681 flumine

237 2706 560 2782 sepulcrum
598 2712 658 2763 et
693 2705 852 2763 lucus
887 2704 1223 2763 ostenditur.
1301 2701 1530 2761 XXIII.
1575 2701 1918 2779 Apollinum

235 2785 668 2861 antiquissimus
705 2785 770 2854 is,
801 2802 972 2859 quem
1017 2784 1191 2858 paulo
1233 2790 1366 2841 ante
1407 2781 1671 2840 Volcano
1713 2788 1915 2839 natum

237 2883 358 2921 esse
391 2864 513 2921 dixi
541 2863 835 2921 custodem
867 2862 1246 2933 Athenarum,
1270 2862 1413 2920 alter
1440 2860 1788 2937 Corybantis
1812 2859 1920 2918 fili-

236 2962 321 3013 us,
345 2956 514 2999 natus
541 2942 602 2999 in
629 2941 815 3010 Creta,
839 2940 1000 2997 cuius
1028 2940 1102 2997 de
1129 2940 1228 2997 illa
1256 2939 1439 2997 insula
1464 2959 1597 2998 cum
1624 2939 1762 2997 Iove
1787 2939 1917 3015 ipso

237 3028 524 3079 certamen
557 3021 736 3078 fuisse
768 3018 1030 3088 traditur,
1054 3020 1257 3076 tertius
1286 3017 1423 3076 Iove
1449 3019 1623 3077 tertio
1657 3025 1827 3076 natus
1858 3024 1920 3076 et

237 3098 474 3169 Latona,
497 3119 668 3175 quem
701 3117 770 3155 ex
802 3096 1198 3172 Hyperboreis
1230 3097 1492 3173 Delphos
1523 3097 1721 3160 ferunt
1753 3096 1919 3155 adve-

236 3176 405 3246 nisse,
437 3184 672 3253 quartus
701 3177 760 3232 in
787 3175 1054 3245 Arcadia,
1085 3195 1255 3249 quem
1284 3175 1537 3233 Arcades
1565 3176 1918 3235 Nomionem

377 3438 674 3493 Δρζι
