2199 3546
211 130 308 177 138
651 126 753 177 DE
783 125 1086 178 NATURA
1118 126 1440 178 DEORUM.

211 228 297 287 At
317 227 474 305 quod
493 227 669 299 dives,
690 228 848 305 quod
874 227 1207 299 honoratus,
1230 228 1389 305 quod
1408 227 1732 287 incolumis.
1806 227 1896 287 Io-

210 327 452 385 vemque
481 308 766 384 optimum
797 314 856 364 et
882 308 1201 365 maximum
1232 308 1307 365 ob
1334 326 1430 365 eas
1461 327 1553 365 res
1586 307 1893 385 appellant,

209 406 328 444 non
374 387 531 465 quod
574 406 680 444 nos
723 387 922 456 iustOS,
952 393 1319 466 temperatos,
1342 386 1629 463 sapientes
1670 387 1894 461 efficiat,

211 468 312 525 sed
346 467 501 545 quod
535 466 734 538 saIVOS,
755 466 1087 538 incolumes„
1106 466 1426 543 opulentos,
1446 468 1729 559 copiosos.
1801 474 1892 527 88.

211 546 414 639 Neque
447 546 684 604 Herculi
726 547 1028 624 quisquam
1070 546 1373 604 decumam
1406 547 1567 604 vovit
1598 566 1891 625 umquam,

211 627 260 684 si
281 627 506 705 sapiens
526 627 714 685 factus
741 634 902 684 esset.
972 624 1334 719 Quamquam
1364 625 1743 703 Pythagorae,
1764 646 1895 686 cum

209 706 272 764 in
304 706 620 784 geometria
652 705 928 783 quiddam
959 706 1098 763 novi
1126 706 1453 778 invenisset,
1473 705 1657 764 Musis
1687 706 1896 765 bovem

210 786 536 845 immolasse
577 786 822 844 dicitur:
865 785 965 844 sed
1005 785 1070 843 id
1111 784 1344 863 quidem
1386 804 1507 843 non
1547 785 1736 857 credo,
1758 805 1896 863 quo-

209 866 367 924 niam
400 866 496 925 ille
535 885 608 925 116
642 864 901 943 Apollini
937 864 1172 943 quidem
1203 864 1377 923 Delio
1409 864 1709 923 hostiam'
1693 884 1898 923 immo-

210 944 325 1004 lare
358 930 620 1017 voluit,⁶
579 965 653 1003 ne
694 964 850 1003 aram
891 944 1170 1022 sanguine
1210 952 1549 1022 aspergeret.
1635 944 1734 1002 Ad
1774 964 1895 1003 rem

211 1032 402 1083 autem
437 1031 505 1083 ut
535 1025 781 1095 redeam,
805 1024 1083 1083 iudicium
1116 1024 1229 1082 hoc
1262 1024 1524 1081 omnium
1563 1024 1897 1083 mortalium

207 1111 313 1177 est,
337 1105 632 1162 fortunam
672 1124 708 1161 a
739 1069 849 1162 deo
881 1104 1209 1181 petendam,
1232 1122 1267 1161 a
1300 1122 1359 1160 66
1386 1104 1515 1181 ipso
1557 1105 1895 1163 sumendam

210 1203 333 1242 6666
377 1184 734 1261 sapientiam.
832 1182 1109 1253 Quamvis
1151 1182 1287 1242 licet
1329 1182 1513 1241 Menti
1557 1183 1795 1242 delubra
1836 1191 1897 1242 et

210 1263 434 1322 Virtuti
477 1270 536 1322 et
579 1263 741 1321 Fidei
773 1282 1185 1334 consecremuS,
1213 1269 1407 1321 tamen
1444 1262 1587 1322 haec
1624 1264 1687 1321 in
1726 1264 1897 1321 nobis

210 1342 352 1420 ipsis
389 1343 500 1401 sita
530 1343 825 1402 videmus:
870 1342 1023 1421 Spei,
1048 1342 1278 1414 Salutis,
1303 1342 1465 1421 Opis,
1485 1343 1781 1402 Victoriae
1813 1344 1896 1401 fa-

210 1423 392 1481 cultas
419 1442 454 1479 a
480 1422 571 1480 dis
598 1422 918 1501 expetenda
943 1428 1045 1482 est.
1130 1422 1535 1499 Improborum
1564 1423 1743 1499 igitur
1768 1442 1897 1501 pro-

211 1503 509 1581 speritates
527 1504 918 1580 secundaeque
933 1522 1024 1561 res
1038 1501 1407 1580 redarguunt,
1422 1509 1489 1561 ut
1502 1502 1799 1579 Diogenes
1813 1503 1897 1560 di-

211 1582 394 1653 cebat,
403 1583 521 1640 vim
541 1602 772 1641 omnem
790 1583 1030 1641 deorum
1053 1601 1119 1640 ac
1135 1588 1497 1658 potestatem.
1570 1581 1892 1641 XXXVII.

214 1668 306 1721 89.
331 1627 416 1720 A't
435 1681 553 1719 non
576 1681 890 1739 numquam
908 1661 1092 1719 bonos
1113 1662 1299 1720 exitus
1314 1660 1531 1721 habent
1544 1661 1701 1721 boni.
1778 1662 1895 1719 Eos

213 1742 446 1820 quidem
488 1741 804 1820 adripimus
846 1740 1326 1819 attribuimusque
1368 1741 1489 1800 61116
1528 1740 1641 1801 11116
1672 1742 1895 1801 ratione

212 1822 304 1880 dis
330 1822 766 1880 immortalibus.
850 1822 936 1879 At
960 1820 1262 1898 Diagoras,
1282 1841 1412 1880 cum
1442 1821 1893 1880 Samothraciam
1998 1855 2009 1868 ·

213 1903 474 1972 venisset,
495 1901 720 1960 Atheos
740 1900 834 1959 ille
856 1902 957 1978 qui
977 1901 1205 1972 dicitur,
1225 1908 1397 1978 atque
1418 1902 1472 1960 61
1495 1901 1729 1978 quidam
1758 1903 1896 1959 ami-

212 2001 345 2040 cus,
331 2001 346 2015 ·
392 1983 426 2010 “
444 1982 551 2053 Tu,
577 1982 678 2060 qui
711 1982 849 2040 deos
881 1987 1051 2058 putas
1082 1981 1335 2039 humana
1366 1980 1682 2058 neglegere,
1703 2001 1895 2039 nonne

213 2061 618 2121 animadvertis
655 2081 725 2119 ex
758 2067 849 2119 tot
881 2060 1090 2119 tabulis
1122 2060 1295 2138 pictis
1329 2079 1501 2138 quam
1541 2060 1711 2118 multi
1745 2061 1895 2118 votis

211 2142 328 2199 vim
359 2141 719 2219 tempestatis
746 2140 1096 2217 effugerint
1080 2160 1143 2197 111
1170 2147 1517 2216 portumque
1546 2140 1683 2197 salvi
1704 2159 1897 2218 perve-

211 2220 479 2279 nerintffl'
550 2219 696 2278 “Ita
711 2218 752 2277 fi
795 2219 828 2248 ’'
849 2218 1071 2297 inquit:
1118 2219 1255 2276 “illi
1272 2219 1427 2278 enim
1448 2237 1730 2296 nusquam
1750 2219 1896 2296 picti

213 2307 364 2371 sunt,
389 2300 489 2376 qui
527 2299 829 2392 naufragia
861 2299 1172 2358 fecerunt
1154 2318 1217 2356 111
1257 2299 1516 2376 marique
1547 2298 1892 2377 perierunt.''

213 2379 508 2457 Idemque,
528 2398 662 2437 cum
683 2379 737 2437 ei
751 2379 1049 2456 naviganti
1063 2385 1321 2437 vectores
1340 2378 1576 2437 adversa
1594 2384 1897 2456 tempesta-
1988 2377 2006 2388 '

211 2466 272 2518 te
292 2458 487 2517 timidi
507 2465 567 2517 et
583 2458 868 2535 perterriti
887 2458 1143 2518 dicerent
1160 2477 1281 2517 non
1298 2458 1505 2516 iniuria
1525 2457 1635 2517 sibi
1652 2457 1793 2516 illud
1809 2477 1898 2514 66-

215 2537 420 2609 cidere,
445 2538 545 2614 qui
571 2537 738 2596 illum
765 2539 826 2596 in
855 2536 1094 2595 candem
1108 2557 1311 2607 navem
1331 2538 1693 2615 recepissent,
1712 2544 1897 2595 osten-

213 2617 304 2675 dit
335 2617 417 2675 eis
448 2618 509 2674 in
543 2617 749 2676 eodem
781 2637 949 2676 cursu
980 2617 1191 2676 multas
1218 2617 1357 2676 alias
1382 2616 1703 2676 laborantes
1731 2635 1896 2694 quae·

215 2697 460 2774 sivitquc
487 2715 629 2754 num
656 2697 827 2755 etiam
857 2698 919 2754 in
939 2697 1012 2754 116
1036 2697 1279 2755 navibus
1298 2695 1612 2774 Diagoram
1630 2695 1761 2754 vehi
1782 2714 1896 2754 cre—

213 2776 430 2834 derent.
515 2776 612 2834 Sic
639 2777 793 2835 enim
825 2796 916 2835 res
949 2796 1008 2835 66
1035 2775 1227 2849 habet,
1246 2783 1314 2835 ut
1339 2776 1416 2834 ad
1439 2795 1772 2854 prosperam
1800 2774 1895 2832 ad-

213 2875 504 2915 versamve
534 2857 828 2914 fortunam
871 2855 1054 2934 qualis
1093 2856 1172 2915 sis
1211 2862 1311 2914 aut
1344 2874 1515 2933 quem
1548 2855 1623 2914 ad
1654 2853 1893 2914 modum

213 2937 422 2995 vixeris
442 2935 586 2993 nihil
607 2936 848 2994 intersit.
913 2941 1007 2993 90.
1032 2935 1090 2993 N
1091 2955 1169 2992 on
1188 2935 1665 3006 animadvertunt,
1684 2934 1891 3012 inquit,

215 3017 413 3073 omnia
443 3016 521 3087 di,
544 3034 618 3072 116
654 3035 816 3092 reges
849 3013 1098 3092 quidem.
1184 3014 1341 3083 Quid
1372 3022 1460 3073 est
1492 3013 1709 3074 simile?
1789 3013 1894 3071 Re·

214 3114 316 3170 ges
344 3095 499 3153 enim
527 3095 576 3152 si
598 3095 839 3153 scientes
859 3094 1340 3171 praetermittunt,
1359 3113 1571 3170 magna
1596 3093 1765 3171 culpa
1789 3099 1889 3151 est.

215 3173 566 3234 XXXVIII.
595 3174 682 3232 At
711 3173 822 3231 deo
855 3192 930 3231 116
959 3173 1249 3232 excusatio
1278 3173 1511 3248 quidem
1545 3179 1633 3230 est
1658 3172 1893 3230 inscien-
