2199 3546
242 65 307 112 22
559 77 566 86 ·
741 62 840 112 DE
871 61 1174 112 NATURA
1204 61 1537 115 DEORUM..

242 163 564 241 argumenti
597 162 816 220 exitum
843 181 962 220 non
989 161 1251 239 potestis„
1270 161 1588 240 confugitis
1616 161 1691 220 ad
1718 162 1933 222 deum:

245 249 338 301 54.
375 243 538 301 cuius
571 261 804 319 operam
837 243 1103 318 profecto
1143 261 1261 299 non
1303 242 1716 313 desideraretis,
1742 243 1791 300 si
1823 243 1935 300 im·

242 342 501 380 mensam
535 328 592 379 et
627 323 1055 379 interminatam
1088 323 1149 378 in
1184 341 1387 379 omnes
1420 329 1610 399 partes
1644 323 1937 398 magnitu-

242 403 440 460 dinem
477 401 782 478 regionum
815 402 1101 472 videretiS,
1133 402 1191 458 in
1229 421 1400 478 quam
1436 421 1495 458 se
1534 402 1775 459 iniciens
1812 402 1937 460 ani-

241 502 372 540 mus
412 488 471 540 et
503 481 809 540 intendens
841 482 925 539 ita
957 481 1069 538 late
1104 481 1387 558 longeque
1428 481 1838 558 peregrinatur,
1864 488 1936 540 ut

243 562 458 632 nullam
498 568 694 619 tamen
737 579 895 618 oram
937 561 1131 619 ultimi
1159 561 1365 631 videat,
1386 561 1447 617 in
1484 580 1597 637 qua
1628 562 1813 637 possit
1847 562 1937 618 in-

241 643 454 700 sistere.
517 641 584 698 In
605 641 712 698 hac
732 641 911 716 igitur
930 641 1317 699 immensitate
1339 640 1728 711 latitudinum,
1748 641 1937 718 longi-

239 722 526 792 tudinum,
551 721 923 779 altitudinum
951 720 1178 778 infinita
1197 721 1283 777 vis
1309 720 1812 778 innumerabilium
1836 741 1937 778 vo-

239 802 369 861 litat
408 807 752 872 atomorum,
784 819 929 878 quae
968 801 1271 858 interiecto
1316 800 1474 858 inani
1522 800 1935 858 cohaerescunt

238 889 432 939 tamen
462 882 612 938 inter
638 899 698 938 se
727 886 786 938 et
812 880 954 938 aliae
981 880 1121 938 alias
1148 880 1643 957 apprehendentes
1670 881 1935 938 continu-

239 968 441 1018 antur:
485 980 556 1018 ex
590 979 706 1037 quo
740 959 1064 1018 efficiuntur
1097 979 1196 1017 eae
1230 979 1419 1017 rerum
1447 960 1669 1018 formae
1703 967 1761 1017 et
1787 959 1935 1037 figu-

239 1060 350 1111 rae,
383 1059 524 1117 quas
551 1059 654 1097 vos
695 1039 843 1097 effici
885 1059 1054 1117 posse
1096 1040 1219 1096 sine
1260 1039 1499 1097 follibus
1532 1047 1591 1097 et
1622 1039 1933 1097 incudibus

239 1140 357 1178 non
385 1119 618 1198 putatiS.
691 1119 893 1196 Itaque
917 1119 1273 1197 imposuistis
1294 1120 1355 1177 in
1378 1119 1691 1178 cervicibus
1718 1120 1933 1177 nostris

241 1200 656 1278 sempiternum
684 1199 985 1257 dominum
1017 1219 1190 1276 quem
1223 1199 1348 1256 dies
1381 1206 1439 1256 et
1472 1206 1672 1257 noctes
1704 1200 1933 1258 timere-

240 1300 386 1338 mus,
471 1278 613 1348 Quis
640 1279 794 1336 enim
829 1299 946 1336 non
976 1280 1179 1336 timeat
1214 1279 1411 1337 omnia
1436 1280 1835 1356 providentem
1871 1286 1933 1337 et

240 1361 594 1437 cogitantem
617 1366 676 1417 et
697 1359 1245 1418 animadvertentem
1271 1365 1330 1416 et
1352 1359 1547 1416 omnia
1574 1360 1647 1417 ad
1676 1379 1734 1417 se
1756 1359 1932 1437 perti-

241 1459 375 1498 nere
415 1447 716 1517 putantem
757 1439 1044 1497 curiosum
1089 1449 1148 1497 et
1187 1439 1424 1516 plenum
1458 1439 1678 1516 negotii
1718 1439 1931 1497 deum?

245 1527 338 1578 55.
374 1520 530 1578 Hinc
551 1520 716 1578 vobis
735 1519 958 1576 exstitit
986 1519 1238 1596 primum
1261 1519 1358 1576 illa
1383 1519 1577 1576 fatalis
1604 1519 1927 1590 necessitas,

244 1619 416 1678 quam
458 1599 794 1677 εἱμαρμένην
828 1599 1037 1670 dicitis,
1061 1605 1144 1671 ut,
1170 1599 1454 1677 quidquid
1494 1599 1731 1669 accidat,
1755 1599 1817 1656 id
1858 1618 1928 1656 cx

244 1688 472 1738 aeterna
499 1681 738 1737 veritate
779 1697 1189 1756 causarumque
1231 1679 1664 1736 continuatione
1697 1677 1929 1737 fluxisse

244 1761 463 1819 dicatis,
548 1759 763 1829 Quanti
789 1766 979 1817 autem
1010 1759 1151 1818 haec
1178 1759 1549 1837 philosophia
1574 1759 1931 1818 aestimanda

245 1849 347 1912 est,
370 1842 464 1898 cui
491 1848 785 1917 tamquam
813 1840 1054 1898 aniculis
1082 1847 1142 1897 et
1169 1840 1241 1897 iis
1270 1839 1503 1917 quidem
1532 1840 1782 1898 indoctis
1801 1840 1929 1897 fato

244 1921 366 1979 fieri
389 1921 688 1980 videantur
714 1920 945 1978 omnia?
1009 1919 1281 1997 Sequitur
1306 1922 1539 1996 μαντικὴ
1561 1927 1763 1991 vestra,
1785 1938 1929 1997 quae

246 2000 448 2059 Latine
489 2000 769 2058 divinatio
810 2000 1036 2071 dicitur,
1069 2019 1183 2077 qua
1212 2007 1376 2057 tanta
1415 1999 1801 2057 imbueremur
1842 2019 1931 2057 su-

245 2080 598 2158 perstitione,
624 2081 673 2137 si
702 2100 802 2138 vos
829 2080 1026 2138 audire
1056 2079 1345 2152 vellemus,
1370 2087 1437 2137 ut
1463 2080 1810 2157 haruspiceS,
1834 2098 1929 2136 au-

244 2179 430 2238 gure-S,
453 2160 675 2231 harioli,
700 2167 873 2230 vateS,
898 2160 1250 2218 coniectores
1277 2159 1445 2217 nobis
1466 2166 1655 2217 essent
1682 2159 1923 2217 colendi.

249 2246 342 2298 56.
379 2239 492 2297 His
512 2239 822 2297 terroribus
848 2239 921 2296 ab
949 2239 1201 2318 Epicuro
1229 2239 1404 2299 soluti
1432 2246 1491 2297 et
1517 2240 1577 2297 in
1606 2239 1928 2297 libertatem

247 2319 522 2377 vindicati
563 2338 668 2377 nec
709 2319 1022 2378 metuimus
1063 2338 1177 2392 eos,
1210 2338 1355 2397 quos
1394 2319 1783 2397 intellegimus
1823 2338 1927 2377 nec

248 2399 359 2457 sibi
391 2398 604 2475 fingere
637 2399 812 2457 ullam
844 2397 1170 2457 molestiam
1210 2418 1317 2457 nec
1349 2400 1514 2457 alteri
1557 2416 1839 2476 quaerere,
1870 2405 1929 2455 et

247 2479 343 2557 pie
391 2486 697 2556 sancteque
745 2479 986 2537 colimus
1029 2486 1295 2537 naturam
1339 2479 1708 2537 excellentem
1756 2485 1927 2556 atque

247 2565 648 2637 praestantem.
733 2557 848 2617 Sed
889 2558 1071 2617 elatus
1112 2560 1307 2617 studio
1348 2578 1547 2617 vereor
1585 2578 1659 2615 ne
1701 2558 1929 2635 longior

247 2638 476 2697 fuerim.
574 2638 714 2697 Erat
751 2646 946 2697 autem
989 2637 1221 2697 difficile
1263 2658 1385 2697 rem
1430 2644 1652 2696 tantam
1694 2644 1927 2715 tamque

247 2718 594 2796 praeclaram
627 2718 955 2777 incohatam
995 2719 1331 2796 relinquere.
1416 2717 1777 2795 Quamquam
1812 2736 1926 2775 non

246 2806 367 2857 tam
397 2798 627 2856 dicendi
654 2798 802 2856 ratio
830 2799 977 2856 mihi
1004 2798 1269 2857 habenda
1294 2798 1411 2856 fuit
1440 2802 1608 2875 quam
1640 2797 1924 2856 audiendi.

224 2921 249 2937 ..
326 2876 495 2937 ΧΧῙ.
583 2878 674 2937 57.
719 2878 869 2936 Tum
912 2878 1089 2936 Cotta
1136 2878 1391 2945 comiter,
1423 2888 1488 2935 ut
1533 2877 1782 2935 solebat:
1826 2876 1929 2935 At-

247 2958 364 3036 qui,
389 2958 595 3037 inquit,
620 2958 826 3029 Vellei,
851 2958 964 3017 nisi
991 2965 1054 3015 tu
1090 2958 1309 3036 aliquid
1338 2958 1593 3024 dixisses,
1618 2957 1762 3014 nihil
1796 2976 1928 3014 sane

246 3057 317 3097 ex
343 3057 438 3096 me
467 3038 702 3116 quidem
729 3038 926 3097 audire
954 3037 1253 3115 potuisseS.
1317 3037 1464 3095 Mihi
1492 3038 1644 3095 enim
1676 3056 1790 3093 non
1810 3043 1927 3094 tam

246 3118 416 3177 facile
441 3118 502 3177 in
523 3124 776 3177 mentem
799 3117 990 3177 venire
1012 3117 1158 3176 solet
1176 3136 1288 3195 qua
1306 3136 1367 3175 re
1384 3135 1579 3175 verum
1610 3117 1687 3174 sit
1713 3116 1928 3194 aliquid

545 3220 606 3249 N.
