2199 3546
200 159 296 205 204
721 154 819 203 DE
857 152 1360 204 DIVINATIONE.

201 256 468 315 Marcone
509 255 714 313 Crasso
749 262 918 331 putas
960 253 1098 311 utile
1142 254 1319 309 fuisse
1360 258 1505 323 tum,
1536 252 1667 309 cum
1710 251 1885 308 maxi-

200 337 308 393 mis
343 334 550 412 opibus
577 335 941 411 fortunisque
975 333 1231 404 florebat,
1264 332 1406 389 scire
1440 330 1549 388 sibi
1577 331 1884 388 interfecto
1956 334 1959 339 ’

199 415 409 473 Publio
429 413 550 471 filio
579 414 942 491 exercituque
971 412 1161 470 deleto
1190 420 1348 469 trans
1369 411 1723 488 Euphratem
1752 430 1885 467 cum

198 494 517 573 ignominia
569 501 628 551 et
673 493 950 551 dedecore
995 512 1117 549 esse
1162 491 1555 569 pereundum?
1635 490 1731 548 An
1776 490 1882 548 Cn,

198 575 545 652 Pompeium
576 592 770 631 censes
792 573 978 630 tribus
1007 572 1125 629 suis
1154 570 1559 642 consulatibuS,
1583 570 1768 628 tribus
1788 572 1885 627 tri-

197 655 445 733 umphis
471 655 847 712 maximarum
883 670 1072 709 rerum
1101 651 1287 728 gloria
1312 651 1657 709 laetaturum
1686 651 1883 721 fuisse,

199 736 248 793 si
275 736 445 793 sciret
472 754 530 793 se
557 736 620 793 in
649 732 958 792 solitudine
977 732 1408 808 Aegyptiorum
1436 731 1786 788 trucidatum
1815 731 1889 788 iri

198 816 406 873 amisso
451 815 720 886 exercitu,
755 819 890 891 post
921 819 1170 869 mortem
1205 830 1339 868 vero
1386 830 1453 869 ea
1492 818 1885 879 consecutura,

199 915 343 973 quae
373 895 494 953 sine
525 894 774 953 lacrimis
801 911 919 951 non
947 911 1253 969 possumus
1282 890 1508 951 dicere?
1591 897 1684 948 23.
1730 890 1889 959 Quid

197 994 332 1033 vero
366 974 663 1033 Caesarem
698 980 984 1050 putamus
1021 972 1069 1030 si
1103 971 1413 1030 divinasset
1445 971 1571 1029 fore
1613 977 1679 1028 ut
1712 970 1773 1027 in
1816 990 1887 1027 eo

199 1062 415 1127 senatu,
441 1074 612 1132 quem
644 1054 860 1111 maiore
894 1072 964 1110 ex
991 1060 1153 1129 parte
1180 1052 1305 1129 ipse
1339 1057 1680 1128 cooptasset,
1704 1051 1765 1107 in
1793 1070 1888 1108 cu-

197 1135 283 1192 ria
321 1134 619 1211 Pompeia,
663 1140 796 1191 ante
844 1133 1023 1209 ipsius
1071 1132 1318 1209 Pompei
1368 1130 1750 1201 simulacrum,
1795 1137 1887 1188 tot

197 1214 630 1271 centurionibus
657 1213 773 1270 suis
799 1211 1269 1289 inspectantibuS,
1294 1232 1329 1269 a
1354 1210 1725 1271 nobilissimis
1754 1211 1891 1269 civi-.

197 1293 321 1365 buS,
350 1294 562 1370 partim
591 1294 764 1351 etiam
799 1312 834 1349 a
866 1312 926 1349 se
959 1292 1228 1349 omnibus
1260 1291 1429 1349 rebus
1462 1292 1693 1362 ornatiS,
1718 1292 1887 1349 truci-

138 1394 142 1399 ·
199 1374 366 1431 datus
394 1373 476 1431 ita
502 1373 726 1444 iaceret,
750 1380 817 1429 ut
843 1372 918 1429 ad
939 1372 1060 1429 eius
1087 1391 1297 1448 corpus
1326 1391 1441 1429 non
1472 1370 1649 1428 modo
1679 1372 1886 1429 amico-

200 1473 342 1525 rum,
375 1453 473 1510 sed
507 1472 580 1511 ne
623 1472 912 1511 servorum
957 1452 1193 1529 quidem
1230 1452 1533 1529 quisquam
1575 1452 1883 1523 accederet,

200 1552 314 1610 quo
364 1533 616 1591 cruciatu
665 1532 843 1589 animi
887 1532 1063 1589 vitam
1114 1538 1375 1589 acturum
1420 1531 1632 1589 fuisse!
1716 1531 1886 1589 Certe

199 1614 377 1690 igitur
404 1613 688 1690 ignoratio
710 1613 1040 1669 futurorum
1067 1610 1350 1669 malorum
1382 1611 1577 1669 utilior
1604 1618 1691 1669 est
1714 1631 1885 1689 quam

199 1694 450 1751 scientia.
537 1697 629 1750 24.
676 1692 828 1749 Nam
861 1690 1005 1749 illud
1039 1691 1275 1768 quidem
1316 1691 1449 1763 dici,
1486 1692 1819 1769 praesertim
1852 1711 1889 1749 a

199 1772 424 1845 Stoicis,
469 1772 627 1830 nullo
675 1771 852 1830 modo
901 1779 1128 1848 potest:
1188 1771 1223 1800 ‘⁴
1242 1770 1379 1830 Non
1428 1772 1567 1830 isset
1608 1772 1683 1830 ad
1730 1793 1888 1830 arma

198 1853 544 1931 Pompeius:
589 1872 707 1910 non
738 1853 1035 1910 transisset
1068 1851 1307 1910 Crassus
1334 1852 1724 1930 Euphratem:
1751 1872 1885 1910 ,non

199 1934 539 2011 suscepisset
570 1932 783 1990 bellum
817 1932 984 1990 civile
1017 1931 1280 1991 Caesar.”
1363 1932 1422 1990 N
1424 1951 1500 1990 on
1532 1933 1713 2009 igitur
1743 1933 1889 1990 fata-

197 2013 279 2071 les
313 2015 496 2072 exitus
529 2013 867 2070 habuerunt.
952 2012 1150 2071 Vultis
1190 2018 1384 2070 autem
1426 2014 1651 2070 evenire
1692 2013 1889 2070 omnia

197 2093 322 2151 fato
345 2112 361 2151 :
417 2093 561 2150 nihil
617 2112 753 2170 ergo
803 2091 917 2150 illis
964 2092 1279 2169 profuisset
1334 2093 1611 2151 divinare.
1690 2093 1887 2170 Atque

199 2174 371 2230 etiam
406 2191 639 2230 omnem
672 2173 927 2230 fructum
962 2172 1115 2232 vitae
1148 2173 1458 2250 superioris
1484 2172 1883 2251 perdidissent.

198 2252 353 2321 Quid
373 2253 526 2310 enim
555 2258 750 2329 posset
770 2253 843 2309 iis
871 2271 991 2310 esse
1013 2252 1227 2311 laetum
1258 2253 1445 2310 exitus
1472 2272 1607 2310 suos
1634 2254 1891 2329 cogitan-

197 2331 389 2390 tibus?
472 2331 577 2402 Ita,
604 2351 838 2410 quoquo
867 2351 926 2390 se
953 2333 1202 2390 veterint
1228 2331 1427 2403 Stoici,
1451 2333 1635 2391 iaceat
1660 2351 1888 2391 necesse

199 2421 285 2469 est
313 2412 501 2469 omnis
530 2431 729 2469 eorum
757 2411 1023 2470 sollertia.
1095 2411 1159 2470 Si
1188 2413 1342 2470 enim
1371 2413 1448 2484 id,
1475 2413 1633 2490 quod
1660 2419 1891 2470 eventu-

197 2511 323 2549 rum
355 2499 456 2563 est,
480 2491 568 2549 vel
591 2491 702 2549 hoc
730 2492 818 2550 vel
841 2491 940 2550 illo
969 2491 1147 2550 modo
1168 2499 1363 2569 potest
1390 2493 1631 2564 evenire,
1654 2494 1891 2550 fortuna

197 2572 348 2630 valet
390 2571 720 2649 plurimum.
806 2571 966 2640 Quae
1011 2580 1204 2630 autem
1253 2573 1497 2630 fortuita
1544 2579 1693 2643 sunt,
1735 2580 1891 2630 certa

198 2671 319 2709 esse
352 2671 466 2709 non
499 2658 756 2729 possunt.
841 2650 942 2709 Sin
978 2658 1172 2710 autem
1207 2659 1425 2711 certum
1461 2658 1549 2710 est
1583 2651 1722 2729 quid
1756 2671 1891 2729 qua-

200 2750 310 2808 que
332 2732 403 2789 de
431 2751 490 2790 re
521 2751 750 2810 quoque
770 2738 1030 2808 tempore
1052 2733 1313 2790 futurum
1344 2733 1435 2802 sit,
1462 2732 1603 2808 quid
1622 2739 1711 2790 est
1733 2731 1890 2808 quod

198 2830 290 2869 me
339 2811 613 2869 adiuvent
661 2811 1003 2889 haruspices
1045 2831 1180 2870 cum
1227 2831 1317 2870 res
1361 2812 1717 2870 tristissimas
1762 2830 1893 2888 por-

197 2890 359 2948 tendi
386 2891 691 2949 dixerunt?

277 2971 354 3029 X.
420 2977 512 3028 25.
536 2969 786 3028 Addunt
811 2970 882 3027 ad
915 2977 1234 3028 extremum
1263 2971 1459 3028 omnia
1484 2970 1667 3028 levius
1694 2989 1891 3028 casura

197 3048 366 3106 rebus
407 3049 617 3107 divinis
658 3050 990 3127 procuratis,
1076 3049 1139 3106 Si
1184 3043 1389 3128 [enim]
1434 3050 1580 3107 nihil
1622 3049 1689 3107 fit
1730 3055 1893 3105 extra

198 3127 402 3199 fatum,
424 3128 566 3186 nihil
595 3128 769 3186 levari
795 3148 854 3186 re
883 3129 1078 3186 divina
1104 3135 1311 3206 potest.
1398 3129 1530 3186 Hoc
1564 3129 1739 3186 sentit
1768 3127 1891 3185 Ho-

198 3225 406 3280 merus,
435 3226 567 3265 cum
609 3214 941 3282 querentem
977 3207 1173 3266 Iovem
1216 3208 1457 3280 inducit,
1490 3209 1649 3285 quod
1690 3208 1889 3284 Sarpe-
