2199 3546
609 171 750 223 LIB
776 169 1597 235 11.,02ss>.V1.-1x.‚§1⁷-23.
1886 176 1953 224 ὃὸ

267 275 474 354 spiritu
501 275 946 334 continerentur.
1033 277 1128 332 20.
1162 269 1357 352 Atque
1382 272 1524 333 haec
1556 291 1689 332 eum
1723 273 1954 334 uberius

265 357 638 434 disputantur
677 362 736 413 et
767 355 970 425 fusius,
997 359 1092 412 ut
1106 353 1257 411 mihi
1296 359 1385 412 est
1414 354 1476 411 in
1518 355 1713 413 animo
1746 357 1949 427 facere4

264 436 512 494 faeilius
527 435 816 528 effugiunt
841 434 1321 492 Academicorum
1356 434 1717 494 calumniam.
1800 435 1951 494 Cum

263 523 478 587 autem,
512 522 580 574 ut
617 515 804 573 Zeno
823 513 1058 586 solebat,
1101 513 1334 572 brevius
1368 515 1781 594 angustiusque
1822 533 1955 574 con-

263 596 590 666 cluduntur,
619 602 748 653 tum
789 595 1078 672 apertiora
1116 601 1253 652 sunt
1292 593 1368 652 ad
1399 593 1949 672 reprehendendum.

265 676 418 734 Nam
447 683 513 734 ut
534 674 823 752 profluens
850 674 1038 732 amnis
1064 680 1167 732 aut
1187 674 1283 732 vix
1309 679 1411 732 aut
1430 673 1589 732 nullo
1609 675 1806 746 mode,
1822 693 1954 732 con-

265 757 640 828 clusa-autem
668 773 816 832 aqua
834 753 1004 812 facile
1025 753 1428 831 corrumpitur,
1444 754 1525 811 sic
1554 755 1833 812 orationis
1850 753 1949 813 fiu-

264 837 422 894 mine
449 835 885 913 reprehensoris
925 834 1185 892 convicia
1217 833 1530 906 diluuntur,
1560 835 1827 912 angustia
1856 853 1955 892 au-

263 923 386 972 tem
427 914 726 972 conclusae
767 914 1044 972 orationis
1084 931 1201 971 non
1236 913 1413 972 facile
1454 933 1515 971 se
1552 914 1681 992 ipsa
1710 921 1947 972 tutatur.

263 995 428 1053 Haec
455 994 628 1068 enim,
651 1013 816 1072 quae·
831 994 1149 1052 dilatantur
1174 1013 1208 1052 a
1232 993 1420 1066 nobis,
1443 993 1597 1052 Zeno
1626 993 1708 1051 sic
1728 1011 1953 1072 preme-

261 1074 398 1132 bat.

343 1153 512 1214 VIII.
597 1159 692 1212 21.
739 1153 774 1184 ‘⁴
792 1109 965 1223 Quod
1004 1153 1227 1212 ratione
1274 1153 1473 1226 utitur,
1508 1153 1572 1212 id
1618 1152 1825 1211 melius
1863 1160 1951 1212 est

260 1251 438 1312 quam
481 1233 550 1292 id
599 1234 756 1311 quod
803 1234 1026 1291 ratione
1079 1251 1201 1310 ιιοιι
1246 1234 1446 1292 utitur.
1544 1232 1707 1291 Nihil
1756 1240 1948 1291 autem

261 1315 483 1372 mundo
511 1315 753 1372 melius:
796 1313 1018 1372 ratione
1047 1312 1231 1390 igitur
1260 1313 1515 1370 mundus
1545 1313 1742 1372 utitur.
1748 1312 1781 1340 ”
1866 1313 1952 1371 Si-

261 1393 478 1452 militer
509 1393 657 1451 effici
689 1399 883 1472 potest
917 1393 1235 1471 sapientem
1270 1411 1391 1450 esse
1422 1393 1724 1463 mundum,
1754 1393 1950 1451 simili-

254 1481 352 1532 ter
383 1473 634 1545 beatum,
665 1473 930 1532 similiter
969 1479 1282 1531 aeternum.
1367 1472 1581 1532 Omnia
1619 1473 1775 1530 enim
1810 1471 1949 1531 haec

260 1553 500 1611 meliora
540 1560 700 1611 sunt·
717 1572 888 1631 quam
934 1571 1002 1611 ea
1043 1571 1187 1630 quae
1232 1558 1367 1611 sunt
1408 1551 1515 1610 his
1538 1552 1807 1623 carentia,
1838 1569 1944 1610 nec

257 1633 502 1691 mundo
496 1633 825 1712 quidquam
853 1633 1084 1691 melius·
1108 1651 1191 1690 ex
1220 1651 1337 1710 quo
1364 1632 1619 1692 efficitur
1636 1649 1759 1690 esse
1784 1649 1951 1690 mun-

259 1713 402 1784 dum
431 1713 622 1771 deum.
695 1719 788 1771 22.
820 1701 1098 1791 Idemque
1124 1711 1237 1770 hoc
1264 1713 1477 1772 modo:
1515 1711 1799 1770 ‘Nullius
1826 1729 1949 1769 sen-

259 1795 327 1851 'su
357 1794 602 1852 carentis
629 1813 762 1871 pars
794 1793 986 1871 aliqua
1009 1800 1207 1871 potest
1238 1812 1359 1851 esse
1388 1793 1655 1852 sentiens
1740 1791 1947 1849 Mundi

257 1881 461 1945 autem
482 1880 672 1951 partes
700 1873 1010 1931 sentientes
1037 1880 1201 1930 sunt.
1245 1893 1363 1931 non
1390 1873 1571 1950 igitur
1596 1879 1751 1930 caret
1774 1890 1947 1930 sensu

255 1936 526 2011 mundus,
531 1953 565 1981 '’
647 1953 850 2030 Pergit
889 1952 1046 2011 idem
1083 1960 1149 2010 et
1187 1950 1355 2029 urget
1395 1952 1731 2030 angustius:
1794 1952 1948 2009 “Ni-

256 2032 396 2090 hil''
435 2033 687 2111 iuquit‘
693 2033 886 2110 ‘quod
925 2032 1103 2089 animi
1145 2032 1416 2109 quodque
1455 2032 1695 2089 rationis
1736 2038 1823 2089 est
1856 2051 1949 2089 ex·-

255 2132 406 2189 perS,
425 2113 494 2171 id
507 2132 778 2190 generare
805 2132 876 2171 ex
905 2130 964 2170 se
991 2118 1187 2189 potest
1214 2112 1565 2170 animantem
1594 2118 1949 2191 compotem-

255 2210 371 2271 que
388 2193 646 2251 rationis,
709 2192 962 2251 Mundus
983 2198 1174 2255 autem
1198 2199 1433 2269 generat
1454 2192 1773 2250 animantes
1794 2210 1946 2250 com-

256 2278 540 2351 potesque
566 2272 821 2333 rationis,
892 2272 1176 2331 Animans
1204 2279 1291 2331 est
1310 2272 1491 2349 igitur
1514 2272 1767 2329 mundus
1794 2292 1948 2330 com-

257 2368 481 2429 pesque
501 2352 760 2411 rationis
761 2352 796 2380 ”
863 2351 1143 2429 Idemque
1164 2352 1560 2425 similitudine,
1576 2359 1643 2410 ut
1663 2370 1831 2431 saepe
1860 2372 1947 2410 so—

255 2431 353 2502 let,
376 2432 660 2490 rationem
688 2430 976 2491 conclusit
995 2431 1109 2490 hoc
1136 2432 1353 2490 modo}
1399 2432 1432 2476 “-
1452 2432 1527 2490 Si
1543 2448 1629 2490 ex
1642 2431 1793 2490 oliva
1823 2452 1947 2490 mo-

256 2476 452 2570 dulate
468 2518 736 2570 canentes
749 2512 926 2569 tibiae
942 2519 1325 2583 nascerentur,
1335 2529 1477 2569 num
1490 2511 1787 2570 dubitares
1804 2512 1943 2589 quin

253 2590 506 2661 inesset
489 2611 550 2649 ιιι
573 2591 726 2650 oliva
745 2591 1008 2649 tibicinii
1017 2592 1297 2669 quaedam
1321 2591 1590 2650 seientia.
1574 2593 1595 2634 2
1644 2591 1849 2661 Quid.
1833 2593 1855 2635 ss
1896 2593 1945 2650 si

255 2654 476 2749 platani
497 2670 756 2729 fidiculas
781 2672 1000 2729 ferrent
1025 2688 1329 2729 numerose
1358 2678 1644 2764 sonantes,
1664 2672 1817 2729 idem
1842 2672 1946 2730 sci·-

247 2750 393 2809 licet
426 2769 698 2810 censeres
716 2752 776 2809 in
811 2750 1107 2830 platanis
1089 2770 1277 2809 inesse
1308 2752 1605 2809 musicam.
1691 2751 1857 2809 Cur
1836 2753 1946 2829 1gi

253 2834 358 2889 tur·
381 2832 638 2889 mundus
669 2850 787 2889 non
823 2832 1082 2906 animans
1115 2833 1469 2909 sapiensque
1486 2831 1786 2903 iudicetur,
1812 2846 1943 2935 cum

255 2930 327 2969 ex
357 2929 428 2968 se
443 2918 719 2989 procreet
731 2902 1068 2969 animantes·
1079 2918 1253 2989 atque
1280 2910 1617 2989 sapientesi'
1622 2910 1637 2939 ’

250 2992 274 3061 ·³.
337 2990 444 3049 IX.
492 2996 584 3050 23.
617 2989 736 3048 Sed
760 2991 1034 3069 quoniam
1063 2992 1230 3085 coepi
1258 3010 1419 3049 secus
1447 3006 1613 3067 agere
1642 2997 1813 3068 atque
1838 2991 1949 3047 ini-

239 3069 340 3127 ·tio
381 3070 1005 3148 dixeram—*negaram
1047 3072 1206 3129 enim-
1244 3071 1393 3129 hanc
1432 3071 1680 3147 primam
1720 3077 1944 3148 partem

253 3168 422 3225 egere
451 3151 725 3221 oratione,
747 3151 924 3227 quod.
939 3157 1087 3208 esset
1115 3150 1383 3207 omnibus
1410 3150 1775 3227 perspicuum
1804 3151 1949 3216 deos

251 3238 656 3289 'esse—tamen
683 3230 746 3289 id
765 3231 957 3309 ipsum
986 3224 1307 3288 rationibus
1326 3230 1583 3309 physicis
1610 3230 1951 3289 confirmare
