2199 3546
232 150 330 200 230
756 150 856 199 DE
887 143 1388 201 DIVINATIONE.

233 271 364 309 cum
385 252 446 308 in
475 250 771 309 flectendis
797 251 1213 328 promunturiis
1236 258 1535 310 ventorum
1567 246 1923 311 mutatlones

232 333 509 390 maximas
553 350 722 408 saepe
766 331 1047 388 sentiant:
1091 331 1232 388 haec
1276 331 1457 408 igitur
1500 351 1632 389 cum
1674 333 1751 390 sit
1791 339 1921 391 tum

233 412 519 482 serenitaS,
550 418 677 468 tum
718 411 1072 502 perturbatio
1117 411 1273 481 caeli,
1306 419 1464 468 estne
1501 430 1775 469 sanorum
1818 413 1924 469 ho-

231 493 452 548 minum
477 456 585 548 h’oc
608 491 683 548 ad
701 492 1058 548 nascentium
1089 498 1249 548 ortus
1269 491 1555 568 pertinere
1582 511 1699 548 non
1730 491 1923 550 dicere

229 571 471 649 ——quod
497 578 649 628 certe
683 589 798 627 non
827 572 1111 648 pertinet:
1154 570 1298 628 illud
1326 573 1520 628 nescio
1555 571 1697 649 quid
1725 579 1919 643 tenue,

232 651 390 728 quod
423 651 620 710 sentiri
651 650 810 708 nullo
843 651 1038 721 mod0,
1062 650 1320 727 intellegi
1353 658 1546 709 autem
1575 652 1670 708 vix
1704 658 1919 744 potest,

231 751 376 808 quae
405 751 439 790 a
458 732 595 789 luna
621 731 935 808 ceterisque
963 730 1245 788 sideribus
1272 731 1411 788 caeli
1434 731 1775 808 temperatio
1798 730 1919 793 fiat

229 811 418 869 dicere
459 811 532 868 ad
573 829 878 888 puerorum
925 817 1082 888 ortus
1123 811 1445 888 pertinere?
1526 810 1718 879 Quid?
1762 797 1925 888 quod

229 909 347 947 non
391 890 734 968 intellegunt
773 891 1057 948 seminum
1089 891 1228 963 vim,
1258 910 1405 968 quae
1445 890 1518 947 ad
1560 890 1922 968 gignendum

228 971 759 1047 procreandumque
786 971 1099 1047 plurimum
1128 970 1329 1041 valeat,
1353 970 1621 1029 funditus
1647 970 1776 1028 tolli
1802 989 1925 1028 me·

229 1050 440 1106 diocris
474 1051 678 1106 erroris
711 1051 834 1107 est?
915 1049 1058 1118 Quis
1086 1051 1241 1108 e'nim
1276 1069 1394 1108 non
1422 1051 1581 1108 videt
1612 1057 1672 1107 et
1698 1050 1923 1108 formas

229 1136 287 1186 et
315 1149 502 1186 mores
531 1137 588 1186 et
610 1129 910 1206 plerosque
939 1137 1121 1187 status
1148 1150 1215 1186 ac
1243 1139 1438 1189 motus
1464 1129 1734 1206 effingere
1748 1143 1797 1186 'a
1822 1149 1923 1207 pa-

229 1209 485 1266 rentibus
513 1208 757 1266 liber-OS.
742 1209 762 1250 ⁹
803 1208 962 1286 quod
994 1228 1110 1266 non
1146 1211 1524 1287 cont-ingeret,
1550 1211 1598 1267 si
1626 1210 1765 1266 haec
1798 1229 1922 1266 non

230 1288 314 1345 vis
342 1296 401 1347 et
432 1296 636 1346 natura
661 1288 1024 1365 gignentium
1054 1288 1317 1361 efficeret,
1328 1290 1440 1347 sed
1468 1291 1809 1366 temperatio
1839 1289 1925 1347 lu-

228 1388 336 1427 nae
384 1369 637 1446 caelique
678 1369 1014 1427 moderatio,
1115 1375 1208 1426 95.
1246 1368 1445 1438 Quid?
1501 1369 1659 1447 quod
1702 1388 1818 1426 uno
1860 1375 1924 1426 et

230 1449 434 1506 eodem
464 1448 741 1526 temporis
769 1456 988 1526 puncto
1019 1449 1141 1506 nati
1169 1449 1477 1507 dissimiles
1509 1457 1569 1507 et
1595 1456 1829 1507 naturas
1860 1457 1923 1506 et

229 1530 376 1586 vitas
405 1537 464 1587 et
491 1547 652 1587 casus
673 1529 904 1600 habent,
920 1548 1199 1606 parumne
1220 1529 1469 1587 declarat
1490 1529 1634 1587 nihil
1656 1530 1730 1587 ad
1751 1548 1925 1606 agen-

229 1608 363 1665 dam
387 1609 562 1667 vitam
593 1609 863 1666 nascendi
884 1617 1114 1686 tempus
1140 1610 1463 1686 pertinere?
1503 1610 1613 1666 nisi
1635 1610 1789 1666 forte
1818 1629 1925 1686 pu-

228 1695 419 1746 tamus
451 1689 742 1746 neminem
783 1688 988 1745 eodem
1019 1696 1283 1765 tempore
1316 1689 1444 1766 ipso
1482 1696 1541 1746 et
1572 1695 1922 1766 conceptum

229 1776 289 1826 et
333 1777 535 1827 natum
581 1788 696 1847 quo
741 1767 1103 1827 Africanum.
1188 1768 1345 1827 Num
1392 1770 1520 1847 quis
1562 1769 1743 1847 igitur
1784 1768 1921 1827 talis

228 1850 382 1907 fuit?

311 1929 527 1988 XLVI.
600 1934 693 1987 96.
731 1928 920 1997 Quid?
951 1928 1169 1987 illudne
1190 1892 1431 1987 dubium
1454 1935 1541 1986 est
1562 1929 1701 2005 quin
1728 1928 1921 2002 multi,

231 2030 364 2067 cum
394 2009 478 2067 ita
510 2010 633 2067 nati
661 2018 864 2081 essent,
888 2017 956 2067 ut
978 2010 1255 2087 quaedam
1292 2016 1493 2067 contra
1524 2016 1789 2066 naturam
1825 2009 1923 2067 de-

230 2098 468 2166 pravata
501 2090 791 2159 haberent,
816 2090 1251 2147 restituerentur
1290 2097 1350 2147 et
1390 2088 1807 2165 corrigerentur
1848 2090 1923 2146 ab

231 2176 450 2239 natura,
475 2189 607 2227 cum
642 2189 701 2227 se
730 2170 856 2245 ipsa
886 2176 1221 2240 revocasset,
1246 2176 1346 2227 aut
1379 2176 1499 2227 arte
1532 2179 1705 2245 atque
1738 2170 1922 2226 medi·

231 2250 374 2318 cina,
397 2257 478 2319 ut,
499 2268 742 2323 quorum
765 2248 995 2324 linguae
1023 2250 1105 2306 sic
1132 2249 1505 2319 inhaererent,
1525 2255 1593 2305 ut
1612 2248 1771 2325 loqui
1803 2268 1921 2306 non

231 2334 482 2419 possent,
514 2346 612 2383 eae
655 2326 920 2418 scalpello
964 2335 1213 2385 resectae
1253 2328 1667 2386 liberarentur?
1748 2325 1921 2385 Multi

231 2407 406 2464 etiam
429 2413 662 2463 naturae
687 2406 888 2462 vitium
911 2407 1289 2465 meditatione
1312 2417 1485 2485 atque
1512 2407 1921 2466 exercitatione

231 2486 598 2556 sustulerunt,
625 2492 690 2542 ut
715 2484 1168 2543 Demosthenem
1206 2487 1405 2545 scribit
1437 2486 1765 2559 PhalereuS,
1787 2506 1919 2544 cum

232 2586 356 2625 nno
387 2566 574 2625 dicere
603 2566 880 2642 nequiret,
907 2566 1313 2624 exercitatione
1339 2568 1543 2625 fecisse
1570 2575 1638 2624 ut
1664 2567 1922 2644 planissi-

230 2667 324 2704 me
354 2646 582 2704 diceret.
669 2644 840 2715 Quod
869 2648 916 2703 si
945 2646 1085 2704 haec
1114 2653 1268 2703 astro
1296 2647 1633 2724 ingenerata
1661 2654 1721 2704 et
1747 2647 1921 2704 tradi·

230 2734 292 2784 ta
333 2732 536 2795 essent,
561 2724 718 2782 nulla
751 2744 840 2783 res
873 2746 939 2783 ea
970 2733 1193 2783 mutare
1224 2734 1436 2803 posset.
1523 2727 1717 2796 Quid?
1758 2727 1922 2784 dissi-

229 2806 500 2863 militudo
523 2805 779 2864 locorum
801 2825 994 2863 nonne
1015 2806 1322 2863 dissimiles
1338 2806 1640 2863 hominum
1664 2824 1923 2883 procrea-

231 2886 418 2942 tiones
438 2884 648 2943 habet?
691 2904 830 2962 quas
859 2886 1091 2962 quidem
1115 2904 1439 2963 percurrere
1470 2887 1727 2943 oratione
1749 2884 1921 2944 facile

231 2972 334 3031 est,
361 2964 500 3040 quid
532 2965 683 3021 inter
715 2964 893 3019 Indos
937 2971 996 3021 et
1029 2964 1247 3035 PersaS,
1271 2965 1595 3042 Aethiopas
1640 2974 1699 3023 et
1742 2966 1921 3023 Suros

230 3042 460 3098 differat
481 3043 815 3133 corporibus
844 3043 1065 3112 animiS,
1087 3050 1155 3099 ut
1174 3043 1525 3101 incredibilis
1545 3045 1787 3101 varietas
1809 3045 1923 3101 dise

231 3120 661 3210 similitudoque
695 3122 786 3177 sit.
873 3121 965 3177 97.
1002 3120 1092 3177 Ex
1127 3140 1242 3197 quo
1270 3122 1625 3200 intellegitur
1652 3123 1783 3201 plus
1808 3131 1921 3181 ter-

230 3216 420 3255 rarum
448 3199 592 3256 situs
619 3218 790 3273 quam
819 3198 988 3256 lunae
1007 3205 1203 3259 -tactus
1229 3200 1306 3257 ad
1330 3202 1681 3261 nascendum
1714 3202 1917 3263 valere.

629 3416 782 3437 Α

547 3440 618 3501 Α
793 3441 854 3501 ι
