2199 3546
40 301 77 320 s

99 0 797 291 sna
829 163 1131 216 NATURA
1163 165 1487 217 nmium.

253 283 424 343 quam
474 264 742 324 licenter!
824 263 1152 323 Fluentium
1193 265 1524 342 frequenter
1562 267 1827 325 transitio
1868 267 1935 327 fit

252 346 556 418 visionum,
593 352 660 402 ut
699 365 732 402 e
777 340 976 402 multis
1023 364 1140 402 una
1183 340 1456 403 videatur.
1542 345 1795 404 Puderet
1841 367 1935 405 me

253 425 442 483 dicere
474 443 594 482 non
633 424 979 502 intellegere,
1009 426 1058 482 si
1091 445 1195 482 vos
1234 426 1347 502 ipsi
1378 425 1801 502 intellegeretiS‚
1834 428 1936 504 qui

252 505 364 562 ista
384 505 711 562 defenditis,
798 503 928 573 Quo
954 504 1134 561 modo
1162 505 1317 562 enim
1336 504 1548 582 probas
1576 506 1938 564 continenter

251 584 533 660 imagines
565 584 736 642 ferri?
777 591 892 654 aut,
917 584 966 641 si
997 584 1375 656 continenter,
1401 603 1517 661 quo
1548 585 1727 643 modo
1760 593 1937 644 aeter-

250 665 396 721 nae?
477 663 990 735 Innumerabilitas,
1012 663 1219 740 inquiS,
1240 661 1571 741 suppeditat
1591 671 1933 724 atomorum.

251 743 409 800 Num
455 744 654 802 eadem
699 762 836 820 ergo
880 743 994 800 ista
1033 743 1211 800 faciet
1242 750 1309 800 ut
1342 743 1459 801 sint
1491 745 1687 802 omnia
1730 746 1938 822 sempi-

250 824 450 882 terna?
531 821 818 899 Confugis
855 822 929 880 ad
961 822 1606 899 aequilibritatem—sic
1638 824 1792 881 enim
1828 827 1937 881 ἰσο-

253 908 471 978 νομίαν,
493 902 540 960 si
567 901 771 978 placet,
791 901 1283 978 appellemus-et
1309 902 1411 974 ais,
1436 902 1709 981 quoniam
1736 904 1814 961 sit
1840 923 1938 961 na-

250 988 380 1040 tura
405 981 680 1052 mortalia,
699 981 1082 1039 immortalem
1106 982 1280 1040 etiam
1304 1001 1425 1040 esse
1446 989 1740 1060 oporteres
1812 982 1935 1041 Isto

249 1062 446 1133 modo,
483 1061 756 1137 quoniam
793 1060 1056 1119 homines
1097 1062 1371 1120 mortales
1412 1069 1563 1134 sunt,
1598 1063 1715 1120 sint
1758 1062 1934 1141 aliqui

249 1140 620 1206 immortales,
638 1147 698 1198 et
720 1141 991 1217 quoniam
1019 1148 1335 1199 nascuntur
1351 1143 1414 1198 in
1440 1141 1608 1216 terra,
1630 1151 1938 1200 nascantur

249 1221 312 1278 in
339 1239 502 1298 aqua.
587 1219 718 1278 “Et
747 1221 882 1298 quia
914 1228 1050 1279 sunt
1077 1240 1223 1299 quae
1249 1221 1600 1293 interimant,
1624 1229 1759 1280 sunt
1786 1241 1934 1300 quae

251 1299 641 1359 conservent.”
724 1299 856 1358 Sint
910 1319 1062 1372 sane,
1106 1301 1207 1359 sed
1261 1319 1329 1360 ea
1381 1318 1529 1380 quae
1580 1309 1934 1375 conservent,

252 1399 397 1456 quae
425 1381 596 1438 sunt?
679 1385 810 1438 110.
855 1379 1014 1438 Deos
1042 1381 1185 1439 istos
1212 1400 1333 1438 esse
1360 1400 1478 1438 non
1508 1382 1711 1439 sentio.
1796 1382 1936 1440 Om-

249 1460 340 1517 nis
361 1467 555 1518 tamen
575 1460 689 1517 ista
714 1477 904 1517 rerum
933 1459 1151 1537 effigies
1178 1480 1247 1518 ex
1268 1461 1581 1519 individuis
1610 1480 1727 1538 quo
1754 1463 1935 1520 modo

249 1539 586 1616 corporibus
619 1539 836 1597 oritur?
878 1559 1024 1617 quae
1055 1540 1232 1598 etiam
1274 1541 1322 1597 si
1356 1547 1559 1612 essent,
1592 1559 1737 1618 quae
1776 1541 1937 1600 nulla

249 1619 401 1692 sunt,
443 1618 652 1696 pellere
701 1639 762 1676 se
808 1618 935 1696 ipsa
983 1627 1042 1677 et
1084 1620 1290 1696 agitari
1342 1620 1494 1678 inter
1541 1640 1601 1678 se
1654 1640 1935 1680 concursu

249 1699 494 1756 fortasse
533 1705 785 1778 possent,
809 1700 1076 1772 formare,
1099 1699 1368 1778 figurare,
1390 1699 1659 1772 colorare,
1682 1702 1935 1760 animare

249 1798 367 1837 non
399 1786 650 1857 possent.
735 1779 910 1837 Nullo
939 1780 1119 1856 igitur
1143 1780 1321 1838 modo
1348 1781 1732 1839 immortalem
1760 1782 1933 1841 deum

249 1859 490 1917 efficitis.
574 1858 698 1917 XL.
730 1858 1054 1917 Videamus
1089 1879 1243 1917 nunc
1277 1860 1350 1917 de
1382 1860 1570 1919 beat0.
1656 1862 1792 1920 Sine
1826 1863 1936 1919 vir-

248 1946 375 1997 tute
407 1945 558 1997 certe
577 1938 750 2003 mullo
782 1939 978 2011 modo,
1000 1940 1182 1997 virtus
1215 1946 1405 1997 autem
1440 1947 1675 1999 actuosa
1704 1949 1766 2000 et
1792 1942 1935 2000 deus

248 2024 436 2077 vester
459 2018 606 2076 nihil
633 2036 824 2095 agen8‚
850 2038 1050 2096 expers
1075 2020 1307 2077 virtutis
1334 2020 1545 2097 igitur:
1588 2021 1673 2079 ita
1702 2040 1775 2080 ne
1804 2022 1935 2080 bea·

249 2107 344 2157 tus
389 2099 637 2176 quidem.
727 2103 858 2157 111.
903 2098 1062 2167 Quae
1095 2118 1235 2177 ergo
1268 2100 1425 2158 vita?
1506 2100 1931 2178 Suppeditati0‚

248 2179 458 2255 inquis,
494 2177 778 2235 bonorum
821 2178 982 2236 nullo
1030 2179 1313 2237 malorum
1354 2180 1695 2239 interventu.
1780 2181 1934 2251 Quo-

248 2277 377 2316 rum
410 2257 644 2315 tandem
675 2257 999 2316 bonorum?
1071 2257 1478 2337 Voluptatum‚
1508 2260 1698 2332 cred0‚
1720 2280 1931 2340 nempe

248 2338 324 2396 ad
351 2356 558 2413 corpus
584 2336 1014 2414 pertinentium.
1099 2336 1333 2397 Nullam
1368 2341 1523 2397 enim
1550 2341 1792 2397 novistis
1818 2342 1931 2399 nisi

247 2417 571 2495 profectam
605 2434 638 2473 a
670 2434 908 2493 corpore
946 2424 1006 2475 et
1037 2418 1369 2477 redeuntem
1405 2420 1479 2477 ad
1511 2438 1721 2496 corpus
1752 2421 1933 2478 animi

246 2497 622 2574 voluptatem.
707 2494 843 2553 Non
885 2497 1132 2557 arbitror
1170 2506 1246 2571 te,
1276 2498 1481 2571 Vellei,
1515 2499 1762 2558 similem
1810 2520 1932 2559 esse

248 2577 658 2654 Epicureorum
707 2576 1074 2653 reliquorum,
1105 2596 1249 2656 quos
1296 2579 1512 2657 pudeat
1575 2577 1931 2654 quarundam

248 2657 485 2733 Epicuri
513 2674 738 2727 vocum,
762 2657 970 2733 quibus
1001 2658 1099 2715 ille
1132 2666 1377 2716 testatur
1408 2678 1467 2717 se
1500 2677 1573 2717 ne
1600 2659 1932 2736 intellegere

250 2737 484 2814 quidem
517 2734 698 2793 ullum
731 2736 948 2793 bonum
989 2738 1147 2814 quod
1184 2738 1261 2796 sit
1296 2738 1619 2796 seiunctum
1656 2758 1693 2796 a
1728 2739 1933 2796 delica-

249 2817 326 2873 tis
363 2822 421 2873 et
459 2815 720 2874 obscenis
757 2816 1168 2894 voluptatibus,
1200 2836 1340 2895 quas
1378 2818 1612 2895 quidem
1650 2836 1768 2876 non
1810 2836 1932 2877 eru-

249 2896 483 2954 bescens
509 2896 871 2974 persequitur
897 2914 1098 2954 omnes
1125 2898 1485 2957 nominatim.
1574 2904 1707 2957 112.
1744 2898 1932 2967 Quem

249 2977 442 3034 cibum
470 2976 650 3054 igitur
681 2982 782 3033 aut
810 2995 952 3053 quas
983 2978 1251 3053 potiones
1284 2985 1385 3035 aut
1418 2997 1559 3055 quas
1589 2998 1795 3036 vocum
1831 2986 1933 3036 aut

249 3056 456 3114 florum
483 3057 785 3114 varietates
819 3062 919 3113 aut
953 3076 1096 3132 quos
1129 3063 1333 3128 tantm,
1358 3076 1501 3134 quos
1536 3058 1741 3115 odores
1774 3058 1933 3116 adhi-

250 3136 414 3195 bebis
452 3137 526 3194 ad
565 3137 722 3206 deos,
744 3143 812 3193 ut
851 3154 949 3192 eos
987 3136 1301 3213 perfundas
1332 3136 1761 3215 voluptatibus?
1842 3138 1932 3195 Ac

251 3222 462 3275 noetae
495 3216 726 3293 quidem
761 3222 957 3273 nectar
988 3216 1333 3274 ambrosiam
1368 3216 1564 3295 epulas
1596 3224 1931 3295 comparant
