2199 3546
438 146 578 197 Lm.
609 147 700 210 ιι,
726 139 896 198 oAP'..
919 139 1581 209 xxxV11,-xxxix,·=·§
1616 150 1795 198 93-98.
1919 151 1995 200 81·

290 261 356 308 r'a
381 245 619 308 deorum
651 259 775 306 esse
801 245 1265 306 arbitrarentur.’'
1342 248 1693 307 XXXVIII.
1760 255 1855 307 96.
1880 249 1987 308 At—

294 347 405 408 que
439 328 579 392 haec
622 329 856 406 quidem
891 329 1000 386 ille.
1086 329 1212 386 Nos
1245 337 1437 386 autem
1472 329 1737 386 tenebras
1770 331 1985 408 cogite-

291 429 422 467 mus
442 417 649 480 tantaS,
671 417 916 486 quantae
947 409 1239 486 quondam
1268 409 1569 488 eruptione
1590 409 1979 468 Aetnaeorum

290 490 516 566 ignium
549 488 826 546 finitimas
865 489 1129 566 regiones
1172 489 1558 546 obscuravisse
1599 489 1887 563 dicuntur,
1916 499 1995 548 ut·

289 589 394 647 per
425 569 668 626 biduum
712 589 884 632 nemo
917 569 1215 626 hominem
1249 568 1427 627 homo
1468 577 1819 646 agnosceret,
1849 591 1981 628 cum

290 657 486 706 autem
519 649 694 707 tertio
727 649 822 706 die
863 649 948 706 sol
982 648 1279 721 illuxisset,
1308 657 1433 706 tum
1463 659 1531 706 ut
1562 651 1831 708 revixisse
1872 651 1981 708 sibi

291 729 636 787 viderentur.
722 728 894 798 Quod
927 729 977 786 si
1009 729 1121 786 hoc
1154 729 1309 786 idem
1344 749 1413 786 ex
1456 729 1701 787 aeternis
1733 730 1983 788 tenebiis

291 810 670 886 eontingeret,
700 817 768 866 u't
807 809 1001 867 subito
1044 809 1229 866 lucem
1273 811 1671 889 aspiceremuS‚
1704 829 1981 887 quaenam

289 889 510 966 species
537 889 680 946 caeli
701 889 1026 946 videretur?
1091 888 1209 948 Sed
1230 889 1579 947 adsiduitate
1608 890 1899 947 cotidiana
1925 899 1985 947 et

289 969 707 1026 consuetudine
745 969 1038 1027 oculorum
1081 969 1427 1027 adsuescunt
1459 970 1636 1027 animi
1670 989 1855 1047 neque
1888 970 1986 1027 ad·-

288 1049 574 1106 mirantur
599 1069 785 1126 neque
811 1050 1113 1126 requirunt
1133 1051 1385 1107 rat-iones
1404 1069 1597 1108 earum
1620 1069 1827 1122 rerum,
1843 1070 1983 1128 quas

289 1148 518 1206 semper
537 1129 750 1201 vident,
766 1129 1010 1206 proinde
1033 1131 1195 1206 quasi
1216 1131 1441 1188 novitas
1468 1149 1575 1187 nos
1601 1131 1786 1207 magis
1809 1149 1979 1208 quam

288 1209 635 1286 magnitudo
663 1229 849 1266 rerum
881 1209 1088 1268 debeat
1110 1210 1184 1266 ad
1210 1210 1587 1287 exquirendas
1614 1229 1817 1268 causas
1836 1211 1983 1268 exci—

288 1295 428 1347 tare.
499 1290 593 1348 97.
625 1288 770 1358 Quis
797 1290 952 1347 enim
982 1289 1137 1348 hunc
1156 1289 1453 1348 bominem
1482 1290 1707 1362 dixerit,
1728 1291 1824 1368 qui
1848 1289 1985 1348 cuni

288 1376 412 1427 tam
447 1376 634 1426 certos
675 1369 816 1426 caeli
851 1375 1062 1442 motus,
1091 1371 1213 1427 ta'm
1248 1377 1403 1427 ratos
1436 1377 1715 1427 astrorum
1752 1369 1989 1428 ordines

289 1455 530 1526 tamque
557 1449 708 1506 inter
741 1469 800 1506 se
835 1451 1031 1506 omnia
1060 1469 1281 1508 conexa
1312 1457 1372 1508 et
1399 1458 1535 1527 apta
1562 1450 1783 1522 viderit,
1808 1458 1983 1527 neget

290 1530 352 1586 in
389 1528 479 1586 his
520 1529 696 1587 ullam
725 1529 916 1588 ‘inesse
948 1530 1231 1587 rationem
1272 1549 1453 1607 eaque
1486 1549 1617 1588 casu
1651 1495 1783 1587 fieri
1807 1530 1980 1600 dieat,

292 1627 438 1686 quae
469 1616 688 1686 quanto
715 1609 960 1668 consilio
985 1617 1257 1686 gerantur
1282 1607 1443 1667 nullo
1464 1611 1716 1668 consilio
1744 1575 1987 1687 adsequi

289 1691 636 1766 possumus?
710 1690 814 1748 'An
844 1705 980 1747 eum
1021 1687 1448 1748 machinatione
1484 1691 1727 1767 quadam
1762 1691 1980 1748 moveri

291 1767 512 1847 aliquid
546 1763 826 1843 videmus,-
855 1771 922 1828 'ut
963 1769 1280 1850 sphaeram,
1312 1778 1379 1828 ut
1412 1771 1595 1841 horaS,
1619 1779 1687 1829 ut
1718 1770 1828 1827 alia
1859 1790 1983 1848 per·

290 1850 494 1921 multa,
521 1859 642 1907 non
677 1850 1008 1909 dubitamus
1043 1852 1181 1932 quin
1218 1851 1316 1907 illa
1350 1870 1523 1929 opera
1554 1852 1670 1908 sint
1702 1851 1979 1909 rationis:

291 1950 422 1988 cum
460 1938 650 1988 autem
687 1931 972 2009 impetum
1007 1931 1147 1988 caeli
1177 1930 1500 1988 admirabili
1528 1950 1659 1988 cum
1694 1930 1987 1988 celeritate

291 2012 520 2068 moveri·-
515 2011 780 2088 vertique
794 2011 1089 2069 videamus
1108 2011 1567 2069 constantissime
1585 2009 1981 2068 conficientem

291 2091 716 2149 vicissitudines
737 2092 1147 2149 anniversarias
1170 2110 1301 2147 cum
1325 2108 1549 2147 summa
1570 2090 1750 2148 salute
1771 2098 1830 2147 et
1850 2110 1983 2147 con·

293 2171 612 2229 servatione
635 2190 824 2229 rerum
853 2172 1132 2243 omnium,
1152 2171 1483 2229 dubitamus
1506 2172 1641 2248 quin
1666 2190 1733 2229 ea
1752 2190 1866 2228 non
1897 2191 1983 2228 so-

292 2250 414 2307 lum
447 2252 670 2309 ratione
703 2250 861 2327 fiant,
886 2252 986 2308 sed
1021 2252 1195 2309 etiam
1230 2251 1527 2309 excellenti
1561 2251 1867 2329 divinaque
1898 2270 1983 2308 ra-

292 2331 493 2388 tione?
559 2338 652 2389 98.
685 2330 845 2389 Licet
875 2332 1027 2388 enim
1052 2332 1164 2387 iam
1197 2338 1418 2388 remota
1446 2332 1763 2389 subtilitate
1790 2332 1982 2408 dispu=

293 2411 457 2468 tandi
487 2411 667 2468 oculis
702 2412 951 2489 quodam
988 2412 1165 2468 modo
1200 2411 1575 2489 contemplari
1608 2411 1983 2489 pulchritudi-

295 2510 427 2547 nem
463 2510 651 2548 rerum
693 2502 906 2562 earum,
940 2511 1081 2569 quas
1116 2491 1311 2589 divina
1342 2492 1705 2571 providentia
1736 2492 1981 2549 dicimus

294 2572 654 2629 constitutas.

298 2680 309 2692 ·
377 2651 667 2708 XXXIX.
701 2651 790 2708 Ac
819 2651 1105 2729 princi-pio
1132 2658 1285 2709 terra
1310 2652 1446 2708 univ
1451 2671 1574 2709 ersa
1600 2658 1879 2722 cernatur,
1903 2651 1981 2707 lo-

295 2738 423 2788 cata
447 2732 514 2787 'in
547 2731 744 2788 media
763 2732 896 2789 sede
926 2731 1146 2800 mundi,
1173 2731 1356 2788 solida
1383 2738 1441 2789 et
1468 2730 1708 2808 globosa
1734 2738 1793 2788 et
1820 2731 1983 2788 undi-

296 2830 408 2887 que
436 2811 562 2887 ipsa
581 2811 640 2868 in
671 2830 794 2868 sese
821 2811 1056 2868 nutibus
1085 2810 1203 2868 suis
1230 2810 1589 2888 conglobata,
1607 2810 1813 2868 vestita
1832 2810 1982 2867 flori-

295 2890 419 2961 bus,
444 2890 651 2961 herbiS,
675 2889 990 2962 arboribuS,
1014 2890 1296 2967 frugibus,
1329 2910 1572 2967 quorum
1605 2890 1865 2945 omnium
1900 2891 1984 2946 in-

295 2936 584 3028 credibilis
611 2969 928 3027 multitudo
956 2970 1267 3026 insatiabili
1287 2970 1559 3026 varietate
1588 2969 1979 3041 distinguitur.

296 3050 468 3107 Adde
497 3049 610 3107 huc
631 3050 886 3107 fontium
917 3048 1135 3125 gelidas
1162 3049 1566 3125 perennitateS,
1588 3046 1835 3119 liquores
1862 3065 1985 3120 per-

296 3130 520 3187 lucidos
565 3130 840 3201 amnium,
871 3129 1124 3204 riparum
1168 3128 1407 3183 vestitus
1440 3122 1831 3189 viridissimos‚
1865 3142 1986 3197 spe-

297 3209 590 3267 luncarum
627 3228 906 3266 concavas
946 3207 1297 3272 altitudines,
1328 3222 1593 3259 saxorum
1634 3200 1983 3274 asperitates,
