2199 3546
558 154 698 205 LIB.
729 154 818 215 ΙΙ.,
845 152 1002 204 ΟΑΡ.
1029 152 1394 215 xx,-XX11.,
1421 152 1450 213 ξ
1478 152 1658 204 45-49.
1861 156 1959 205 213

270 264 338 315 tu
381 256 600 314 scilicet
641 256 824 313 mavis
867 255 1104 312 numine
1145 254 1381 312 deorum
1421 254 1483 311 id
1520 254 1743 312 factum
1786 272 1959 332 q-uam

269 356 408 395 casu
440 336 700 393 arbitrari
737 342 796 393 et
829 335 1173 411 redemptor,
1202 334 1661 411 qui-columnam
1694 333 1851 392 illam
1886 335 1959 393 de

269 416 449 475 Cotta
475 422 535 473 et
561 415 634 473 de
663 415 955 492 Torquato
985 414 1337 473 conduxerat
1363 414 1705 486 faciendam,
1730 434 1847 472 non
1875 414 1958 472 in-

271 498 418 555 ertia
449 502 550 553 aut
580 496 780 573 inopia
809 494 1029 552 tardior
1059 494 1193 565 fuit,
1218 494 1321 553 sed
1352 514 1387 552 a
1419 494 1509 552 dis
1538 494 1959 553 immortalibus

271 576 349 634 ad
379 576 552 634 istam
583 575 786 633 horam
829 580 1145 633 reservatus
1184 581 1287 631 est.
1372 578 1467 632 48.
1512 573 1571 632 N
1572 594 1648 631 on
1691 574 1957 652 equidem

271 656 443 734 plane
475 657 716 733 despero
748 656 861 713 ista
890 674 1014 713 esse
1047 673 1195 726 vera,
1226 654 1327 711 sed
1358 655 1551 711 nescio
1586 661 1644 712 et
1676 654 1893 712 discere
1926 674 1960 712 a

271 746 334 793 te
374 735 550 793 vo10.'
606 734 759 793 Nam
794 754 926 792 cum
959 734 1106 791 mihi
1142 734 1421 812 quaedam
1456 754 1590 791 casu
1630 733 1961 792 viderentur

273 816 356 873 sic
385 816 626 886 evenire,
651 822 718 872 ut
735 814 1028 892 praedicta
1053 821 1243 872 essent
1269 834 1303 871 a
1329 813 1736 885 divinantibus,
1762 814 1958 871 dixisti

271 896 458 953 multa
483 896 556 953 de
583 914 734 967 casu,
757 902 826 952 ut
846 893 1163 952 Venerium
1191 894 1299 951 iaci
1328 913 1496 971 posse
1525 913 1657 951 casu
1687 900 1961 971 quattuor

272 975 406 1033 talis
425 976 606 1046 iactiS,
631 974 1066 1053 quadringentis
1093 980 1325 1033 centum
1350 974 1631 1033 Venerios
1651 993 1768 1031 non
1792 993 1959 1051 posse

203 1090 208 1095 -
275 1075 407 1113 casu
457 1056 779 1113 consistere.
863 1054 1129 1111 Primum
1172 1054 1364 1111 nescio
1410 1073 1511 1111 cur
1552 1073 1669 1113 non
1715 1054 1956 1131 possint,

275 1136 376 1194 sed
403 1156 520 1193 non
549 1153 781 1213 pugno:
825 1134 1082 1193 abundas
1112 1134 1265 1192 enim
1294 1134 1591 1192 similibus.
1676 1134 1873 1192 Habes
1901 1141 1961 1192 et

273 1216 686 1293 respersionem
729 1216 1162 1292 pigmentorum
1202 1222 1263 1272 et
1301 1222 1552 1272 rostrum
1594 1214 1711 1272 suis
1752 1223 1811 1272 et
1852 1214 1962 1271 alia

273 1296 574 1375 permulta.
659 1294 824 1353 Idem
857 1294 1212 1352 Carneadem
1245 1295 1459 1371 fingere
1494 1294 1637 1352 dicis
1671 1294 1743 1353 de
1772 1296 1961 1372 capite

274 1376 521 1435 Panisci.
608 1374 784 1444 Quasi
816 1394 936 1432 non
964 1375 1220 1451 potuerit
1247 1374 1309 1431 id
1336 1374 1560 1433 evenire
1593 1394 1725 1431 casu
1756 1382 1815 1432 et
1841 1394 1960 1432 non

274 1457 338 1514 in
365 1455 527 1515 omni
552 1474 836 1513 marmore
863 1474 1090 1513 necesse
1120 1454 1197 1511 sit
1220 1454 1407 1512 inesse
1434 1453 1523 1510 vel
1545 1453 1855 1511 Praxitelia
1876 1473 1963 1511 ca-

275 1537 432 1615 pital
507 1536 614 1593 Illa
633 1536 788 1594 enim
809 1535 936 1613 ipsa
955 1533 1280 1593 efficiuntur
1299 1534 1669 1605 detractione,
1686 1553 1789 1591 nec
1809 1534 1963 1610 quic-

261 1636 449 1695 ,quam
477 1616 612 1674 illuc
645 1616 903 1673 adfertur
935 1635 970 1673 a
995 1614 1299 1686 Praxitele,
1324 1615 1423 1672 sed
1452 1634 1585 1671 cum
1612 1613 1797 1671 multa
1828 1620 1963 1670 sunt

276 1698 533 1754 detracta
572 1703 631 1754 et
671 1696 746 1753 ad
777 1696 1125 1753 lineamenta
1164 1694 1279 1752 oris
1320 1702 1659 1771 perventum
1701 1701 1803 1764 est,
1834 1700 1961 1751 tum

276 1778 576 1854 intellegas
602 1777 762 1848 illud,
788 1777 946 1854 quod
970 1777 1086 1833 iam
1118 1775 1435 1853 expolitum
1464 1776 1557 1847 sit,
1582 1776 1739 1833 intus
1764 1775 1959 1832 fuisse.

276 1863 371 1916 49.
395 1858 623 1916 Potest
661 1857 840 1934 igitur
879 1857 994 1914 tale
1035 1855 1255 1933 aliquid
1293 1856 1468 1913 etiam
1511 1875 1613 1912 sua
1652 1862 1859 1933 sponte
1901 1855 1961 1911 in

276 1938 602 2016 lapicidinis
642 1936 921 1994 Chiorum
955 1935 1256 1994 exstitisse.
1340 1934 1456 1993 Sed
1490 1935 1565 1992 sit
1598 1935 1709 1992 hoc
1743 1935 1958 1992 fictum.

278 2017 470 2087 Quid?
511 2018 574 2074 in
615 2016 865 2074 nubibus
913 2035 1229 2092 numquam
1278 2015 1733 2073 animadvertisti
1780 2015 1963 2072 leonis

276 2098 528 2156 formam
587 2104 689 2155 aut
740 2096 1217 2174 hippocentauri?
1299 2096 1505 2153 Potest
1559 2095 1754 2172 igitur,
1807 2095 1964 2172 quod

275 2177 456 2236 modo
483 2177 750 2255 negabas,
774 2177 1073 2235 veritatem
1102 2195 1263 2233 casus
1289 2175 1519 2233 imitari.

358 2257 558 2316 XXII.
601 2256 720 2317 Sed
749 2257 1018 2334 quoniam
1055 2256 1127 2314 de
1162 2256 1307 2314 extis
1341 2262 1399 2314 et
1428 2256 1499 2313 de
1527 2254 1855 2333 fulguribus
1883 2275 1966 2313 sa·

277 2339 355 2397 tis
389 2345 476 2396 est
502 2338 878 2415 disputatum,
903 2342 1131 2394 ostenta
1156 2342 1388 2408 restant,
1411 2344 1475 2394 ut
1502 2343 1629 2394 tota
1655 2336 1966 2412 haruspici-

277 2439 356 2476 na
386 2419 462 2476 sit
496 2424 854 2497 pertractata.
939 2416 1129 2474 Mulae
1162 2424 1361 2493 partus
1394 2416 1652 2493 prolatus
1686 2424 1772 2476 est
1805 2437 1839 2474 a
1870 2423 1963 2474 te:

278 2517 368 2556 res
395 2498 688 2569 mirabilis,
706 2504 1011 2575 propterea
1039 2497 1175 2573 quia
1200 2516 1317 2554 non
1348 2516 1515 2574 saepe
1543 2495 1627 2568 fit,
1652 2497 1752 2554 sed
1774 2497 1819 2553 si
1842 2496 1966 2554 fieri

279 2598 395 2636 non
429 2578 730 2656 potuisset,
759 2579 916 2634 facta
958 2596 1076 2634 non
1126 2584 1290 2634 esset.
1373 2579 1571 2654 Atque
1613 2576 1725 2633 hoc
1766 2583 1967 2633 contra

280 2659 475 2716 omnia
501 2664 728 2716 ostenta
753 2657 955 2729 valeat,
979 2676 1294 2734 numquam
1325 2657 1482 2734 quod
1510 2655 1633 2713 fieri
1660 2675 1775 2712 non
1799 2663 1966 2732 potu-

279 2740 388 2796 erit
416 2754 550 2796 'esse
591 2738 844 2796 factum:
889 2738 977 2794 sin
1012 2737 1282 2814 potuerit,
1312 2757 1431 2794 non
1466 2755 1585 2794 esse
1617 2735 1962 2793 mirandum.

279 2819 595 2876 Causarum
629 2818 783 2876 enim
812 2817 1098 2894 ignoratio
1126 2817 1189 2874 in
1216 2836 1277 2874 re
1304 2836 1454 2874 nova
1485 2817 1849 2873 mirationem
1883 2816 1965 2872 fa-

279 2899 374 2957 cit.
458 2899 673 2956 Eadem
720 2897 1008 2974 ignoratio
1051 2897 1101 2954 si
1141 2897 1201 2954 in
1234 2897 1404 2956 rebus
1444 2896 1671 2954 usitatis
1713 2902 1815 2965 est,
1846 2915 1965 2953 non

278 2980 570 3036 miramur.
655 2978 806 3035 Nam
831 2978 931 3055 qui
950 2977 1167 3036 mulam
1190 2977 1477 3054 peperisse
1496 2976 1753 3046 miratur,
1777 2975 1827 3031 is
1849 2995 1966 3053 quo

277 3059 456 3116 modo
501 3078 648 3136 cqua
687 3059 872 3135 pariat
904 3064 1005 3115 aut
1043 3057 1280 3115 omnino
1324 3076 1468 3134 quae
1502 3064 1705 3112 natura
1736 3062 1965 3131 partum

279 3139 590 3197 animantis
611 3138 788 3197 faciat
810 3139 1052 3214 ignorat.
1132 3137 1249 3196 Sed
1270 3137 1426 3215 quod
1447 3135 1645 3194 crebro
1667 3135 1825 3193 videt
1845 3155 1963 3194 non

280 3221 537 3288 miratur,
563 3219 737 3278 etiam
767 3219 815 3278 si
844 3237 944 3278 cur
969 3217 1071 3276 fiat
1097 3217 1295 3277 nescit.
1341 3225 1343 3229 '
1382 3215 1553 3287 Quod
1580 3221 1713 3276 ante
1739 3234 1859 3274 non
1886 3216 1962 3274 vi·
