<?xml version="1.0" encoding="UTF-8"?>
<!DOCTYPE html PUBLIC "-//W3C//DTD XHTML 1.0 Transitional//EN"
    "http://www.w3.org/TR/xhtml1/DTD/xhtml1-transitional.dtd">
<html xmlns="http://www.w3.org/1999/xhtml" xml:lang="en" lang="en">
 <head>
  <title>
</title>
<meta http-equiv="Content-Type" content="text/html;charset=utf-8" />
  <meta name='ocr-system' content='tesseract 3.04.00' />
  <meta name='ocr-capabilities' content='ocr_page ocr_carea ocr_par ocr_line ocrx_word'/>
</head>
<body>
  <div class='ocr_page' id='page_1' title='image "./denaturadeorumd00cicegoog_0113.png"; bbox 0 0 2199 3546; ppageno 0'>
   <div class='ocr_carea' id='block_1_1' title="bbox 516 116 1967 216">
    <p class='ocr_par' dir='ltr' id='par_1_1' title="bbox 516 116 1967 216">
     <span class='ocr_line' id='line_1_1' title="bbox 516 116 1967 216; baseline 0 -13"><span class='ocrx_word' id='word_1_1' title='bbox 516 154 655 205; x_wconf 72' lang='grc' dir='ltr'><strong>ΗΒ.</strong></span> <span class='ocrx_word' id='word_1_2' title='bbox 682 154 781 216; x_wconf 84' lang='grc' dir='ltr'><strong>Π.,</strong></span> <span class='ocrx_word' id='word_1_3' title='bbox 803 151 1468 215; x_wconf 66' lang='lat' dir='ltr'><strong>cAP.1,xn.-Lx1V.‚§</strong></span> <span class='ocrx_word' id='word_1_4' title='bbox 1496 116 1735 203; x_wconf 73' lang='lat'><strong>154-161.</strong></span> <span class='ocrx_word' id='word_1_5' title='bbox 1871 154 1967 203; x_wconf 77' lang='lat'><strong>103</strong></span> 
     </span>
    </p>
   </div>
   <div class='ocr_carea' id='block_1_2' title="bbox 270 254 1970 1456">
    <p class='ocr_par' dir='ltr' id='par_1_2' title="bbox 270 254 1970 1456">
     <span class='ocr_line' id='line_1_2' title="bbox 270 254 1967 333; baseline -0.001 -18"><span class='ocrx_word' id='word_1_6' title='bbox 270 256 480 316; x_wconf 82' lang='lat' dir='ltr'><strong>-fernnt</strong></span> <span class='ocrx_word' id='word_1_7' title='bbox 509 256 625 315; x_wconf 84' lang='lat' dir='ltr'><strong>nisi</strong></span> <span class='ocrx_word' id='word_1_8' title='bbox 655 262 724 314; x_wconf 88' lang='lat' dir='ltr'><strong>ut</strong></span> <span class='ocrx_word' id='word_1_9' title='bbox 755 274 950 314; x_wconf 86' lang='lat' dir='ltr'><strong>earum</strong></span> <span class='ocrx_word' id='word_1_10' title='bbox 983 254 1133 313; x_wconf 86' lang='lat' dir='ltr'><strong>villis</strong></span> <span class='ocrx_word' id='word_1_11' title='bbox 1166 255 1447 313; x_wconf 84' lang='lat' dir='ltr'><strong>confectis</strong></span> <span class='ocrx_word' id='word_1_12' title='bbox 1477 262 1650 333; x_wconf 88' lang='lat' dir='ltr'><strong>atque</strong></span> <span class='ocrx_word' id='word_1_13' title='bbox 1683 255 1967 313; x_wconf 80' lang='lat' dir='ltr'><strong>contextis</strong></span> 
     </span>
     <span class='ocr_line' id='line_1_3' title="bbox 280 335 1967 414; baseline -0.001 -19"><span class='ocrx_word' id='word_1_14' title='bbox 280 336 548 395; x_wconf 86' lang='lat' dir='ltr'><strong>homines</strong></span> <span class='ocrx_word' id='word_1_15' title='bbox 579 336 932 395; x_wconf 65' lang='lat' dir='ltr'><strong>vestiantur?</strong></span> <span class='ocrx_word' id='word_1_16' title='bbox 1011 335 1173 405; x_wconf 82' lang='lat' dir='ltr'><strong>Quae</strong></span> <span class='ocrx_word' id='word_1_17' title='bbox 1204 336 1435 414; x_wconf 89' lang='lat' dir='ltr'><strong>quidem</strong></span> <span class='ocrx_word' id='word_1_18' title='bbox 1464 354 1650 414; x_wconf 90' lang='lat' dir='ltr'><strong>neque</strong></span> <span class='ocrx_word' id='word_1_19' title='bbox 1678 335 1754 393; x_wconf 89' lang='lat' dir='ltr'><strong>ali</strong></span> <span class='ocrx_word' id='word_1_20' title='bbox 1783 352 1967 413; x_wconf 83' lang='lat' dir='ltr'><strong>neque</strong></span> 
     </span>
     <span class='ocr_line' id='line_1_4' title="bbox 281 415 1969 493; baseline -0.002 -18"><span class='ocrx_word' id='word_1_21' title='bbox 281 417 589 475; x_wconf 86' lang='lat' dir='ltr'><strong>sustentari</strong></span> <span class='ocrx_word' id='word_1_22' title='bbox 615 435 801 493; x_wconf 90' lang='lat' dir='ltr'><strong>neque</strong></span> <span class='ocrx_word' id='word_1_23' title='bbox 827 415 1008 473; x_wconf 89' lang='lat' dir='ltr'><strong>ullum</strong></span> <span class='ocrx_word' id='word_1_24' title='bbox 1037 415 1289 473; x_wconf 84' lang='lat' dir='ltr'><strong>fructum</strong></span> <span class='ocrx_word' id='word_1_25' title='bbox 1320 415 1486 473; x_wconf 91' lang='lat' dir='ltr'><strong>edere</strong></span> <span class='ocrx_word' id='word_1_26' title='bbox 1514 434 1583 473; x_wconf 87' lang='lat' dir='ltr'><strong>ex</strong></span> <span class='ocrx_word' id='word_1_27' title='bbox 1616 436 1677 474; x_wconf 88' lang='lat' dir='ltr'><strong>se</strong></span> <span class='ocrx_word' id='word_1_28' title='bbox 1704 416 1827 473; x_wconf 88' lang='lat' dir='ltr'><strong>sine</strong></span> <span class='ocrx_word' id='word_1_29' title='bbox 1854 415 1969 473; x_wconf 90' lang='lat' dir='ltr'><strong>cul-</strong></span> 
     </span>
     <span class='ocr_line' id='line_1_5' title="bbox 281 495 1967 573; baseline -0.002 -17"><span class='ocrx_word' id='word_1_30' title='bbox 281 504 350 555; x_wconf 87' lang='lat' dir='ltr'><strong>tu</strong></span> <span class='ocrx_word' id='word_1_31' title='bbox 379 497 682 556; x_wconf 90' lang='lat' dir='ltr'><strong>hominum</strong></span> <span class='ocrx_word' id='word_1_32' title='bbox 727 503 789 554; x_wconf 89' lang='lat' dir='ltr'><strong>et</strong></span> <span class='ocrx_word' id='word_1_33' title='bbox 819 496 1113 554; x_wconf 79' lang='lat' dir='ltr'>curatione</span> <span class='ocrx_word' id='word_1_34' title='bbox 1145 496 1483 573; x_wconf 88' lang='lat' dir='ltr'><strong>potuissent.</strong></span> <span class='ocrx_word' id='word_1_35' title='bbox 1566 495 1791 553; x_wconf 84' lang='lat' dir='ltr'><strong>Canum</strong></span> <span class='ocrx_word' id='word_1_36' title='bbox 1834 514 1967 553; x_wconf 89' lang='lat' dir='ltr'><strong>vero</strong></span> 
     </span>
     <span class='ocr_line' id='line_1_6' title="bbox 280 576 1969 653; baseline -0.002 -17"><span class='ocrx_word' id='word_1_37' title='bbox 280 585 402 635; x_wconf 86' lang='lat' dir='ltr'><strong>tam</strong></span> <span class='ocrx_word' id='word_1_38' title='bbox 435 577 552 635; x_wconf 87' lang='lat' dir='ltr'><strong>fida</strong></span> <span class='ocrx_word' id='word_1_39' title='bbox 583 576 848 636; x_wconf 81' lang='lat' dir='ltr'><strong>custodia</strong></span> <span class='ocrx_word' id='word_1_40' title='bbox 877 584 1113 653; x_wconf 89' lang='lat' dir='ltr'><strong>tamque</strong></span> <span class='ocrx_word' id='word_1_41' title='bbox 1144 595 1344 633; x_wconf 88' lang='lat' dir='ltr'><strong>amans</strong></span> <span class='ocrx_word' id='word_1_42' title='bbox 1376 576 1745 633; x_wconf 89' lang='lat' dir='ltr'><strong>dominorum</strong></span> <span class='ocrx_word' id='word_1_43' title='bbox 1778 576 1969 633; x_wconf 88' lang='lat' dir='ltr'><strong>adula-</strong></span> 
     </span>
     <span class='ocr_line' id='line_1_7' title="bbox 280 655 1968 735; baseline -0.002 -20"><span class='ocrx_word' id='word_1_44' title='bbox 280 659 368 715; x_wconf 88' lang='lat' dir='ltr'><strong>tio</strong></span> <span class='ocrx_word' id='word_1_45' title='bbox 393 665 736 735; x_wconf 83' lang='lat' dir='ltr'><strong>tantumque</strong></span> <span class='ocrx_word' id='word_1_46' title='bbox 769 657 966 714; x_wconf 90' lang='lat' dir='ltr'><strong>odium</strong></span> <span class='ocrx_word' id='word_1_47' title='bbox 997 657 1057 713; x_wconf 90' lang='lat' dir='ltr'><strong>in</strong></span> <span class='ocrx_word' id='word_1_48' title='bbox 1087 663 1352 714; x_wconf 86' lang='lat' dir='ltr'><strong>externos</strong></span> <span class='ocrx_word' id='word_1_49' title='bbox 1384 662 1444 714; x_wconf 91' lang='lat' dir='ltr'><strong>et</strong></span> <span class='ocrx_word' id='word_1_50' title='bbox 1470 663 1591 719; x_wconf 82' lang='lat' dir='ltr'><strong>tam</strong></span> <span class='ocrx_word' id='word_1_51' title='bbox 1619 655 1968 713; x_wconf 85' lang='lat' dir='ltr'><strong>incredibilis</strong></span> 
     </span>
     <span class='ocr_line' id='line_1_8' title="bbox 280 735 1965 815; baseline -0.003 -19"><span class='ocrx_word' id='word_1_52' title='bbox 280 738 358 796; x_wconf 89' lang='lat' dir='ltr'><strong>ad</strong></span> <span class='ocrx_word' id='word_1_53' title='bbox 375 738 838 814; x_wconf 85' lang='lat' dir='ltr'><strong>investigandum</strong></span> <span class='ocrx_word' id='word_1_54' title='bbox 869 736 1149 815; x_wconf 80' lang='lat' dir='ltr'><strong>sagacitas</strong></span> <span class='ocrx_word' id='word_1_55' title='bbox 1175 736 1418 806; x_wconf 83' lang='lat' dir='ltr'><strong>narium,</strong></span> <span class='ocrx_word' id='word_1_56' title='bbox 1437 743 1603 794; x_wconf 88' lang='lat' dir='ltr'><strong>tanta</strong></span> <span class='ocrx_word' id='word_1_57' title='bbox 1626 735 1885 793; x_wconf 81' lang='lat' dir='ltr'>alacritas</span> <span class='ocrx_word' id='word_1_58' title='bbox 1904 736 1965 791; x_wconf 89' lang='lat' dir='ltr'><strong>in</strong></span> 
     </span>
     <span class='ocr_line' id='line_1_9' title="bbox 281 816 1967 895; baseline -0.002 -20"><span class='ocrx_word' id='word_1_59' title='bbox 281 818 544 875; x_wconf 89' lang='lat' dir='ltr'><strong>venando</strong></span> <span class='ocrx_word' id='word_1_60' title='bbox 587 817 729 895; x_wconf 89' lang='lat' dir='ltr'><strong>quid</strong></span> <span class='ocrx_word' id='word_1_61' title='bbox 769 816 1055 894; x_wconf 85' lang='lat' dir='ltr'><strong>signifieat</strong></span> <span class='ocrx_word' id='word_1_62' title='bbox 1093 816 1253 874; x_wconf 87' lang='lat' dir='ltr'><strong>aliud</strong></span> <span class='ocrx_word' id='word_1_63' title='bbox 1291 817 1404 873; x_wconf 86' lang='lat' dir='ltr'><strong>nisi</strong></span> <span class='ocrx_word' id='word_1_64' title='bbox 1444 835 1505 874; x_wconf 85' lang='lat' dir='ltr'><strong>se</strong></span> <span class='ocrx_word' id='word_1_65' title='bbox 1549 816 1622 873; x_wconf 88' lang='lat' dir='ltr'><strong>ad</strong></span> <span class='ocrx_word' id='word_1_66' title='bbox 1664 816 1967 873; x_wconf 90' lang='lat' dir='ltr'><strong>hominum</strong></span> 
     </span>
     <span class='ocr_line' id='line_1_10' title="bbox 280 894 1969 974; baseline -0.002 -19"><span class='ocrx_word' id='word_1_67' title='bbox 280 897 724 955; x_wconf 77' lang='lat' dir='ltr'><strong>commoditates</strong></span> <span class='ocrx_word' id='word_1_68' title='bbox 751 915 870 955; x_wconf 87' lang='lat' dir='ltr'><strong>esse</strong></span> <span class='ocrx_word' id='word_1_69' title='bbox 898 898 1237 974; x_wconf 64' lang='lat' dir='ltr'><strong>generatos?</strong></span> <span class='ocrx_word' id='word_1_70' title='bbox 1322 901 1454 955; x_wconf 83' lang='lat'><strong>159.</strong></span> <span class='ocrx_word' id='word_1_71' title='bbox 1499 895 1655 964; x_wconf 85' lang='lat' dir='ltr'><strong>Quid</strong></span> <span class='ocrx_word' id='word_1_72' title='bbox 1682 895 1755 954; x_wconf 90' lang='lat' dir='ltr'><strong>de</strong></span> <span class='ocrx_word' id='word_1_73' title='bbox 1783 894 1969 953; x_wconf 87' lang='lat' dir='ltr'><strong>bobus</strong></span> 
     </span>
     <span class='ocr_line' id='line_1_11' title="bbox 279 976 1969 1055; baseline -0.001 -20"><span class='ocrx_word' id='word_1_74' title='bbox 279 977 516 1055; x_wconf 65' lang='lat' dir='ltr'><strong>loquar?</strong></span> <span class='ocrx_word' id='word_1_75' title='bbox 558 996 802 1054; x_wconf 88' lang='lat' dir='ltr'><strong>quorum</strong></span> <span class='ocrx_word' id='word_1_76' title='bbox 829 978 956 1054; x_wconf 86' lang='lat' dir='ltr'><strong>ipsa</strong></span> <span class='ocrx_word' id='word_1_77' title='bbox 981 984 1147 1055; x_wconf 88' lang='lat' dir='ltr'><strong>terga</strong></span> <span class='ocrx_word' id='word_1_78' title='bbox 1176 977 1468 1035; x_wconf 87' lang='lat' dir='ltr'><strong>declarant</strong></span> <span class='ocrx_word' id='word_1_79' title='bbox 1494 996 1611 1034; x_wconf 90' lang='lat' dir='ltr'><strong>non</strong></span> <span class='ocrx_word' id='word_1_80' title='bbox 1646 994 1767 1034; x_wconf 84' lang='lat' dir='ltr'><strong>esse</strong></span> <span class='ocrx_word' id='word_1_81' title='bbox 1800 995 1861 1033; x_wconf 86' lang='lat' dir='ltr'><strong>se</strong></span> <span class='ocrx_word' id='word_1_82' title='bbox 1892 976 1969 1033; x_wconf 87' lang='lat' dir='ltr'><strong>ad</strong></span> 
     </span>
     <span class='ocr_line' id='line_1_12' title="bbox 279 1055 1967 1135; baseline -0.001 -20"><span class='ocrx_word' id='word_1_83' title='bbox 279 1076 430 1115; x_wconf 85' lang='lat' dir='ltr'><strong>onus</strong></span> <span class='ocrx_word' id='word_1_84' title='bbox 461 1057 858 1134; x_wconf 88' lang='lat' dir='ltr'><strong>accipiendum</strong></span> <span class='ocrx_word' id='word_1_85' title='bbox 891 1056 1153 1135; x_wconf 86' lang='lat' dir='ltr'><strong>figurata,</strong></span> <span class='ocrx_word' id='word_1_86' title='bbox 1184 1057 1429 1115; x_wconf 87' lang='lat' dir='ltr'><strong>cervices</strong></span> <span class='ocrx_word' id='word_1_87' title='bbox 1460 1064 1655 1115; x_wconf 87' lang='lat' dir='ltr'><strong>autem</strong></span> <span class='ocrx_word' id='word_1_88' title='bbox 1688 1063 1856 1114; x_wconf 87' lang='lat' dir='ltr'><strong>natae</strong></span> <span class='ocrx_word' id='word_1_89' title='bbox 1892 1055 1967 1113; x_wconf 88' lang='lat' dir='ltr'><strong>ad</strong></span> 
     </span>
     <span class='ocr_line' id='line_1_13' title="bbox 279 1136 1969 1214; baseline -0.001 -20"><span class='ocrx_word' id='word_1_90' title='bbox 279 1137 500 1214; x_wconf 91' lang='lat' dir='ltr'><strong>iugum,</strong></span> <span class='ocrx_word' id='word_1_91' title='bbox 529 1144 657 1194; x_wconf 88' lang='lat' dir='ltr'><strong>tum</strong></span> <span class='ocrx_word' id='word_1_92' title='bbox 691 1138 837 1194; x_wconf 87' lang='lat' dir='ltr'><strong>vires</strong></span> <span class='ocrx_word' id='word_1_93' title='bbox 869 1156 1197 1195; x_wconf 89' lang='lat' dir='ltr'><strong>umerorum</strong></span> <span class='ocrx_word' id='word_1_94' title='bbox 1233 1144 1294 1195; x_wconf 89' lang='lat' dir='ltr'><strong>et</strong></span> <span class='ocrx_word' id='word_1_95' title='bbox 1319 1136 1652 1196; x_wconf 87' lang='lat' dir='ltr'><strong>latitudines</strong></span> <span class='ocrx_word' id='word_1_96' title='bbox 1680 1137 1755 1195; x_wconf 89' lang='lat' dir='ltr'><strong>ad</strong></span> <span class='ocrx_word' id='word_1_97' title='bbox 1782 1142 1969 1193; x_wconf 84' lang='lat' dir='ltr'><strong>aratra</strong></span> 
     </span>
     <span class='ocr_line' id='line_1_14' title="bbox 281 1216 1970 1295; baseline -0.001 -20"><span class='ocrx_word' id='word_1_98' title='bbox 281 1217 646 1283; x_wconf 82' lang='lat' dir='ltr'><strong>extrahenda.</strong></span> <span class='ocrx_word' id='word_1_99' title='bbox 722 1216 964 1288; x_wconf 82' lang='lat' dir='ltr'><strong>Quibus,</strong></span> <span class='ocrx_word' id='word_1_100' title='bbox 992 1236 1125 1275; x_wconf 89' lang='lat' dir='ltr'><strong>cum</strong></span> <span class='ocrx_word' id='word_1_101' title='bbox 1168 1224 1349 1275; x_wconf 89' lang='lat' dir='ltr'><strong>terrae</strong></span> <span class='ocrx_word' id='word_1_102' title='bbox 1390 1217 1790 1295; x_wconf 77' lang='lat' dir='ltr'><strong>subigerentur</strong></span> <span class='ocrx_word' id='word_1_103' title='bbox 1828 1216 1970 1273; x_wconf 88' lang='lat' dir='ltr'><strong>fissi-</strong></span> 
     </span>
     <span class='ocr_line' id='line_1_15' title="bbox 281 1296 1970 1375; baseline -0.001 -21"><span class='ocrx_word' id='word_1_104' title='bbox 281 1316 392 1355; x_wconf 86' lang='lat' dir='ltr'><strong>one</strong></span> <span class='ocrx_word' id='word_1_105' title='bbox 428 1296 776 1375; x_wconf 81' lang='lat' dir='ltr'><strong>glaebarum,</strong></span> <span class='ocrx_word' id='word_1_106' title='bbox 806 1297 880 1354; x_wconf 95' lang='lat' dir='ltr'><strong>ab</strong></span> <span class='ocrx_word' id='word_1_107' title='bbox 921 1297 1022 1355; x_wconf 87' lang='lat' dir='ltr'><strong>illo</strong></span> <span class='ocrx_word' id='word_1_108' title='bbox 1063 1316 1237 1355; x_wconf 88' lang='lat' dir='ltr'><strong>aureo</strong></span> <span class='ocrx_word' id='word_1_109' title='bbox 1277 1316 1502 1375; x_wconf 88' lang='lat' dir='ltr'><strong>genere,</strong></span> <span class='ocrx_word' id='word_1_110' title='bbox 1534 1305 1601 1356; x_wconf 88' lang='lat' dir='ltr'><strong>ut</strong></span> <span class='ocrx_word' id='word_1_111' title='bbox 1639 1304 1849 1375; x_wconf 72' lang='lat' dir='ltr'><strong>poetae</strong></span> <span class='ocrx_word' id='word_1_112' title='bbox 1889 1296 1970 1353; x_wconf 93' lang='lat' dir='ltr'><strong>lo-</strong></span> 
     </span>
     <span class='ocr_line' id='line_1_16' title="bbox 281 1376 1559 1456; baseline 0.001 -21"><span class='ocrx_word' id='word_1_113' title='bbox 281 1385 552 1455; x_wconf 60' lang='lat' dir='ltr'><strong>quuntur,</strong></span> <span class='ocrx_word' id='word_1_114' title='bbox 577 1378 664 1435; x_wconf 87' lang='lat' dir='ltr'><strong>vis</strong></span> <span class='ocrx_word' id='word_1_115' title='bbox 690 1376 850 1435; x_wconf 87' lang='lat' dir='ltr'><strong>nulla</strong></span> <span class='ocrx_word' id='word_1_116' title='bbox 873 1395 1149 1456; x_wconf 88' lang='lat' dir='ltr'><strong>umquam</strong></span> <span class='ocrx_word' id='word_1_117' title='bbox 1179 1377 1559 1436; x_wconf 76' lang='lat' dir='ltr'><strong>adserebatur.</strong></span> 
     </span>
    </p>
   </div>
   <div class='ocr_carea' id='block_1_3' title="bbox 436 1512 1809 1709">
    <p class='ocr_par' dir='ltr' id='par_1_3' title="bbox 436 1512 1809 1709">
     <span class='ocr_line' id='line_1_17' title="bbox 437 1512 1598 1575; baseline 0 -14"><span class='ocrx_word' id='word_1_118' title='bbox 437 1512 624 1561; x_wconf 78' lang='lat' dir='ltr'><strong>Ferrea</strong></span> <span class='ocrx_word' id='word_1_119' title='bbox 649 1520 755 1561; x_wconf 83' lang='lat' dir='ltr'><strong>tum</strong></span> <span class='ocrx_word' id='word_1_120' title='bbox 779 1526 894 1561; x_wconf 82' lang='lat' dir='ltr'><strong>vero</strong></span> <span class='ocrx_word' id='word_1_121' title='bbox 917 1512 1080 1575; x_wconf 85' lang='lat' dir='ltr'><strong>proles</strong></span> <span class='ocrx_word' id='word_1_122' title='bbox 1104 1520 1281 1561; x_wconf 79' lang='lat' dir='ltr'><strong>exorta</strong></span> <span class='ocrx_word' id='word_1_123' title='bbox 1300 1520 1501 1575; x_wconf 82' lang='lat' dir='ltr'><strong>repente</strong></span> <span class='ocrx_word' id='word_1_124' title='bbox 1522 1519 1598 1563; x_wconf 84' lang='lat' dir='ltr'><strong>est</strong></span> 
     </span>
     <span class='ocr_line' id='line_1_18' title="bbox 437 1578 1726 1641; baseline 0.002 -16"><span class='ocrx_word' id='word_1_125' title='bbox 437 1580 677 1641; x_wconf 82' lang='lat' dir='ltr'><strong>Ansaque</strong></span> <span class='ocrx_word' id='word_1_126' title='bbox 699 1578 947 1627; x_wconf 86' lang='lat' dir='ltr'><strong>funestum</strong></span> <span class='ocrx_word' id='word_1_127' title='bbox 970 1578 1129 1639; x_wconf 84' lang='lat' dir='ltr'><strong>prima</strong></span> <span class='ocrx_word' id='word_1_128' title='bbox 1152 1587 1227 1625; x_wconf 83' lang='lat' dir='ltr'><strong>est</strong></span> <span class='ocrx_word' id='word_1_129' title='bbox 1249 1578 1535 1627; x_wconf 75' lang='lat' dir='ltr'><strong>fabricarier</strong></span> <span class='ocrx_word' id='word_1_130' title='bbox 1554 1592 1726 1627; x_wconf 82' lang='lat' dir='ltr'><strong>ensem</strong></span> 
     </span>
     <span class='ocr_line' id='line_1_19' title="bbox 436 1643 1809 1709; baseline 0.001 -18"><span class='ocrx_word' id='word_1_131' title='bbox 436 1643 505 1691; x_wconf 81' lang='lat' dir='ltr'><strong>Et</strong></span> <span class='ocrx_word' id='word_1_132' title='bbox 523 1652 724 1705; x_wconf 80' lang='lat' dir='ltr'><strong>gustare</strong></span> <span class='ocrx_word' id='word_1_133' title='bbox 747 1658 900 1692; x_wconf 85' lang='lat' dir='ltr'><strong>manu</strong></span> <span class='ocrx_word' id='word_1_134' title='bbox 921 1644 1144 1693; x_wconf 82' lang='lat' dir='ltr'><strong>vinctum</strong></span> <span class='ocrx_word' id='word_1_135' title='bbox 1167 1643 1511 1709; x_wconf 85' lang='lat' dir='ltr'><strong>domitumque</strong></span> <span class='ocrx_word' id='word_1_136' title='bbox 1532 1644 1809 1693; x_wconf 84' lang='lat' dir='ltr'><strong>iuvencum.</strong></span> 
     </span>
    </p>
   </div>
   <div class='ocr_carea' id='block_1_4' title="bbox 277 1778 1974 3296">
    <p class='ocr_par' dir='ltr' id='par_1_4' title="bbox 279 1778 1967 1918">
     <span class='ocr_line' id='line_1_20' title="bbox 279 1778 1967 1856; baseline -0.001 -18"><span class='ocrx_word' id='word_1_137' title='bbox 279 1779 468 1840; x_wconf 85' lang='lat' dir='ltr'><strong>Tanta</strong></span> <span class='ocrx_word' id='word_1_138' title='bbox 497 1778 810 1856; x_wconf 87' lang='lat' dir='ltr'><strong>putabatur</strong></span> <span class='ocrx_word' id='word_1_139' title='bbox 839 1778 1060 1837; x_wconf 87' lang='lat' dir='ltr'><strong>utilitas</strong></span> <span class='ocrx_word' id='word_1_140' title='bbox 1091 1779 1312 1856; x_wconf 87' lang='lat' dir='ltr'><strong>percipi</strong></span> <span class='ocrx_word' id='word_1_141' title='bbox 1340 1799 1410 1838; x_wconf 87' lang='lat' dir='ltr'><strong>ex</strong></span> <span class='ocrx_word' id='word_1_142' title='bbox 1438 1779 1639 1852; x_wconf 77' lang='lat' dir='ltr'><strong>bobnS,</strong></span> <span class='ocrx_word' id='word_1_143' title='bbox 1669 1786 1737 1838; x_wconf 83' lang='lat' dir='ltr'><strong>ut</strong></span> <span class='ocrx_word' id='word_1_144' title='bbox 1769 1798 1967 1842; x_wconf 82' lang='lat' dir='ltr'><strong>eorum</strong></span> 
     </span>
     <span class='ocr_line' id='line_1_21' title="bbox 279 1858 1327 1918; baseline -0.001 0"><span class='ocrx_word' id='word_1_145' title='bbox 279 1859 592 1918; x_wconf 79' lang='lat' dir='ltr'><strong>visceribus</strong></span> <span class='ocrx_word' id='word_1_146' title='bbox 617 1859 770 1917; x_wconf 87' lang='lat' dir='ltr'><strong>vesci</strong></span> <span class='ocrx_word' id='word_1_147' title='bbox 799 1858 980 1917; x_wconf 86' lang='lat' dir='ltr'><strong>scelus</strong></span> <span class='ocrx_word' id='word_1_148' title='bbox 1006 1859 1327 1917; x_wconf 82' lang='lat' dir='ltr'><strong>haberetur.</strong></span> 
     </span>
    </p>

    <p class='ocr_par' dir='ltr' id='par_1_5' title="bbox 277 1937 1974 3296">
     <span class='ocr_line' id='line_1_22' title="bbox 283 1937 1969 2016; baseline -0.001 -18"><span class='ocrx_word' id='word_1_149' title='bbox 283 1982 290 1986; x_wconf 88' lang='lat'>-</span> <span class='ocrx_word' id='word_1_150' title='bbox 359 1939 578 1998; x_wconf 87' lang='lat' dir='ltr'>LXIV.</span> <span class='ocrx_word' id='word_1_151' title='bbox 621 1939 888 2016; x_wconf 86' lang='lat' dir='ltr'><strong>Longum</strong></span> <span class='ocrx_word' id='word_1_152' title='bbox 929 1946 1018 1997; x_wconf 85' lang='lat' dir='ltr'><strong>est</strong></span> <span class='ocrx_word' id='word_1_153' title='bbox 1055 1939 1346 1996; x_wconf 84' lang='lat' dir='ltr'><strong>mulorum</strong></span> <span class='ocrx_word' id='word_1_154' title='bbox 1383 1939 1650 2016; x_wconf 81' lang='lat' dir='ltr'><strong>persequi</strong></span> <span class='ocrx_word' id='word_1_155' title='bbox 1689 1937 1969 1997; x_wconf 81' lang='lat' dir='ltr'><strong>utilitates</strong></span> 
     </span>
     <span class='ocr_line' id='line_1_23' title="bbox 279 2018 1969 2096; baseline -0.001 -18"><span class='ocrx_word' id='word_1_156' title='bbox 279 2027 342 2078; x_wconf 88' lang='lat' dir='ltr'><strong>et</strong></span> <span class='ocrx_word' id='word_1_157' title='bbox 381 2019 690 2091; x_wconf 84' lang='lat' dir='ltr'><strong>asinorum,</strong></span> <span class='ocrx_word' id='word_1_158' title='bbox 722 2039 866 2096; x_wconf 89' lang='lat' dir='ltr'><strong>quae</strong></span> <span class='ocrx_word' id='word_1_159' title='bbox 907 2025 1058 2078; x_wconf 85' lang='lat' dir='ltr'><strong>certe</strong></span> <span class='ocrx_word' id='word_1_160' title='bbox 1090 2020 1166 2077; x_wconf 88' lang='lat' dir='ltr'><strong>ad</strong></span> <span class='ocrx_word' id='word_1_161' title='bbox 1194 2018 1495 2076; x_wconf 88' lang='lat' dir='ltr'><strong>hominum</strong></span> <span class='ocrx_word' id='word_1_162' title='bbox 1537 2038 1705 2076; x_wconf 90' lang='lat' dir='ltr'><strong>usum</strong></span> <span class='ocrx_word' id='word_1_163' title='bbox 1738 2025 1969 2096; x_wconf 87' lang='lat' dir='ltr'><strong>paratae</strong></span> 
     </span>
     <span class='ocr_line' id='line_1_24' title="bbox 279 2098 1970 2176; baseline -0.001 -18"><span class='ocrx_word' id='word_1_164' title='bbox 279 2106 432 2160; x_wconf 86' lang='lat' dir='ltr'><strong>sunt.</strong></span> <span class='ocrx_word' id='word_1_165' title='bbox 521 2105 652 2158; x_wconf 88' lang='grc'><strong>160.</strong></span> <span class='ocrx_word' id='word_1_166' title='bbox 711 2099 822 2158; x_wconf 90' lang='lat' dir='ltr'><strong>Sus</strong></span> <span class='ocrx_word' id='word_1_167' title='bbox 869 2118 1004 2156; x_wconf 85' lang='lat' dir='ltr'><strong>vero</strong></span> <span class='ocrx_word' id='word_1_168' title='bbox 1062 2098 1206 2176; x_wconf 90' lang='lat' dir='ltr'><strong>quid</strong></span> <span class='ocrx_word' id='word_1_169' title='bbox 1251 2098 1425 2156; x_wconf 88' lang='lat' dir='ltr'><strong>habet</strong></span> <span class='ocrx_word' id='word_1_170' title='bbox 1472 2106 1697 2176; x_wconf 87' lang='lat' dir='ltr'><strong>praeter</strong></span> <span class='ocrx_word' id='word_1_171' title='bbox 1744 2099 1970 2157; x_wconf 51' lang='lat' dir='ltr'><strong>eseam&amp;³</strong></span> 
     </span>
     <span class='ocr_line' id='line_1_25' title="bbox 279 2179 1969 2258; baseline -0.001 -21"><span class='ocrx_word' id='word_1_172' title='bbox 279 2180 394 2238; x_wconf 82' lang='lat' dir='ltr'><strong>Cui</strong></span> <span class='ocrx_word' id='word_1_173' title='bbox 435 2179 687 2258; x_wconf 89' lang='lat' dir='ltr'><strong>quidem,</strong></span> <span class='ocrx_word' id='word_1_174' title='bbox 717 2199 790 2237; x_wconf 90' lang='lat' dir='ltr'><strong>ne</strong></span> <span class='ocrx_word' id='word_1_175' title='bbox 823 2186 1162 2257; x_wconf 85' lang='lat' dir='ltr'><strong>putesceret,</strong></span> <span class='ocrx_word' id='word_1_176' title='bbox 1193 2179 1445 2237; x_wconf 88' lang='lat' dir='ltr'><strong>animam</strong></span> <span class='ocrx_word' id='word_1_177' title='bbox 1485 2180 1672 2256; x_wconf 88' lang='lat' dir='ltr'><strong>ipsam</strong></span> <span class='ocrx_word' id='word_1_178' title='bbox 1704 2197 1813 2257; x_wconf 87' lang='lat' dir='ltr'><strong>pro</strong></span> <span class='ocrx_word' id='word_1_179' title='bbox 1854 2179 1969 2237; x_wconf 86' lang='lat' dir='ltr'><strong>sale</strong></span> 
     </span>
     <span class='ocr_line' id='line_1_26' title="bbox 277 2259 1971 2337; baseline 0 -19"><span class='ocrx_word' id='word_1_180' title='bbox 277 2260 476 2318; x_wconf 88' lang='lat' dir='ltr'><strong>datam</strong></span> <span class='ocrx_word' id='word_1_181' title='bbox 531 2260 674 2318; x_wconf 88' lang='lat' dir='ltr'><strong>dicit</strong></span> <span class='ocrx_word' id='word_1_182' title='bbox 727 2279 849 2318; x_wconf 85' lang='lat' dir='ltr'><strong>esse</strong></span> <span class='ocrx_word' id='word_1_183' title='bbox 903 2259 1281 2337; x_wconf 76' lang='lat' dir='ltr'><strong>Chrysippus,</strong></span> <span class='ocrx_word' id='word_1_184' title='bbox 1364 2259 1493 2329; x_wconf 83' lang='lat' dir='ltr'><strong>Qua</strong></span> <span class='ocrx_word' id='word_1_185' title='bbox 1544 2260 1781 2336; x_wconf 90' lang='lat' dir='ltr'><strong>pecude,</strong></span> <span class='ocrx_word' id='word_1_186' title='bbox 1811 2259 1971 2337; x_wconf 90' lang='lat' dir='ltr'><strong>quod</strong></span> 
     </span>
     <span class='ocr_line' id='line_1_27' title="bbox 279 2339 1967 2418; baseline 0 -20"><span class='ocrx_word' id='word_1_187' title='bbox 279 2347 404 2398; x_wconf 86' lang='lat' dir='ltr'><strong>erat</strong></span> <span class='ocrx_word' id='word_1_188' title='bbox 434 2340 510 2397; x_wconf 89' lang='lat' dir='ltr'><strong>ad</strong></span> <span class='ocrx_word' id='word_1_189' title='bbox 541 2340 886 2398; x_wconf 84' lang='lat' dir='ltr'><strong>vescendum</strong></span> <span class='ocrx_word' id='word_1_190' title='bbox 919 2339 1253 2398; x_wconf 88' lang='lat' dir='ltr'><strong>hominibus</strong></span> <span class='ocrx_word' id='word_1_191' title='bbox 1286 2346 1437 2418; x_wconf 88' lang='lat' dir='ltr'><strong>apta,</strong></span> <span class='ocrx_word' id='word_1_192' title='bbox 1466 2340 1613 2398; x_wconf 87' lang='lat' dir='ltr'><strong>nihil</strong></span> <span class='ocrx_word' id='word_1_193' title='bbox 1639 2341 1843 2418; x_wconf 84' lang='lat' dir='ltr'><strong>genuit</strong></span> <span class='ocrx_word' id='word_1_194' title='bbox 1875 2360 1967 2398; x_wconf 89' lang='lat' dir='ltr'><strong>na-</strong></span> 
     </span>
     <span class='ocr_line' id='line_1_28' title="bbox 278 2419 1969 2498; baseline 0 -20"><span class='ocrx_word' id='word_1_195' title='bbox 278 2427 412 2478; x_wconf 85' lang='lat' dir='ltr'><strong>tura</strong></span> <span class='ocrx_word' id='word_1_196' title='bbox 450 2420 771 2478; x_wconf 76' lang='lat' dir='ltr'><strong>fecundius·</strong></span> <span class='ocrx_word' id='word_1_197' title='bbox 855 2419 1012 2488; x_wconf 81' lang='lat' dir='ltr'><strong>Quid</strong></span> <span class='ocrx_word' id='word_1_198' title='bbox 1045 2420 1479 2478; x_wconf 87' lang='lat' dir='ltr'><strong>multitudinem</strong></span> <span class='ocrx_word' id='word_1_199' title='bbox 1515 2421 1969 2498; x_wconf 84' lang='lat' dir='ltr'><strong>suavitatemque</strong></span> 
     </span>
     <span class='ocr_line' id='line_1_29' title="bbox 277 2499 1971 2578; baseline -0.001 -20"><span class='ocrx_word' id='word_1_200' title='bbox 277 2499 527 2578; x_wconf 86' lang='lat' dir='ltr'><strong>piscium</strong></span> <span class='ocrx_word' id='word_1_201' title='bbox 549 2500 776 2576; x_wconf 57' lang='lat' dir='ltr'><strong>dicam,</strong></span> <span class='ocrx_word' id='word_1_202' title='bbox 807 2500 948 2576; x_wconf 88' lang='lat' dir='ltr'><strong>quid</strong></span> <span class='ocrx_word' id='word_1_203' title='bbox 980 2499 1207 2560; x_wconf 64' lang='lat' dir='ltr'><strong>avium?</strong></span> <span class='ocrx_word' id='word_1_204' title='bbox 1247 2519 1317 2558; x_wconf 87' lang='lat' dir='ltr'><strong>ex</strong></span> <span class='ocrx_word' id='word_1_205' title='bbox 1358 2500 1567 2578; x_wconf 89' lang='lat' dir='ltr'><strong>quibus</strong></span> <span class='ocrx_word' id='word_1_206' title='bbox 1598 2507 1762 2558; x_wconf 85' lang='lat' dir='ltr'><strong>tanta</strong></span> <span class='ocrx_word' id='word_1_207' title='bbox 1792 2501 1971 2576; x_wconf 86' lang='lat' dir='ltr'><strong>perci-</strong></span> 
     </span>
     <span class='ocr_line' id='line_1_30' title="bbox 277 2578 1973 2658; baseline -0.001 -21"><span class='ocrx_word' id='word_1_208' title='bbox 277 2581 440 2658; x_wconf 90' lang='lat' dir='ltr'><strong>pitur</strong></span> <span class='ocrx_word' id='word_1_209' title='bbox 478 2580 760 2656; x_wconf 71' lang='lat' dir='ltr'><strong>voluptaS,</strong></span> <span class='ocrx_word' id='word_1_210' title='bbox 791 2588 860 2637; x_wconf 86' lang='lat' dir='ltr'><strong>ut</strong></span> <span class='ocrx_word' id='word_1_211' title='bbox 898 2578 1190 2638; x_wconf 87' lang='lat' dir='ltr'><strong>interdum</strong></span> <span class='ocrx_word' id='word_1_212' title='bbox 1222 2579 1489 2638; x_wconf 86' lang='lat' dir='ltr'><strong>Pronoea</strong></span> <span class='ocrx_word' id='word_1_213' title='bbox 1527 2587 1725 2638; x_wconf 86' lang='lat' dir='ltr'><strong>nostra</strong></span> <span class='ocrx_word' id='word_1_214' title='bbox 1763 2579 1973 2655; x_wconf 88' lang='lat' dir='ltr'><strong>Epicu-</strong></span> 
     </span>
     <span class='ocr_line' id='line_1_31' title="bbox 279 2658 1973 2738; baseline -0.001 -20"><span class='ocrx_word' id='word_1_215' title='bbox 279 2679 378 2718; x_wconf 88' lang='lat' dir='ltr'><strong>rea</strong></span> <span class='ocrx_word' id='word_1_216' title='bbox 415 2659 595 2718; x_wconf 86' lang='lat' dir='ltr'><strong>fuisse</strong></span> <span class='ocrx_word' id='word_1_217' title='bbox 635 2658 910 2718; x_wconf 86' lang='lat' dir='ltr'><strong>videatur.</strong></span> <span class='ocrx_word' id='word_1_218' title='bbox 995 2660 1193 2738; x_wconf 89' lang='lat' dir='ltr'><strong>Atque</strong></span> <span class='ocrx_word' id='word_1_219' title='bbox 1224 2659 1333 2718; x_wconf 88' lang='lat' dir='ltr'><strong>hae</strong></span> <span class='ocrx_word' id='word_1_220' title='bbox 1364 2679 1439 2718; x_wconf 91' lang='lat' dir='ltr'><strong>ne</strong></span> <span class='ocrx_word' id='word_1_221' title='bbox 1456 2667 1810 2738; x_wconf 61' lang='lat' dir='ltr'><strong>‘caperentur</strong></span> <span class='ocrx_word' id='word_1_222' title='bbox 1849 2660 1973 2737; x_wconf 87' lang='lat' dir='ltr'><strong>qui-</strong></span> 
     </span>
     <span class='ocr_line' id='line_1_32' title="bbox 279 2738 1973 2818; baseline -0.001 -20"><span class='ocrx_word' id='word_1_223' title='bbox 279 2740 435 2811; x_wconf 91' lang='lat' dir='ltr'><strong>dem,</strong></span> <span class='ocrx_word' id='word_1_224' title='bbox 465 2738 578 2796; x_wconf 86' lang='lat' dir='ltr'><strong>nisi</strong></span> <span class='ocrx_word' id='word_1_225' title='bbox 623 2738 930 2800; x_wconf 86' lang='lat' dir='ltr'><strong>hominum</strong></span> <span class='ocrx_word' id='word_1_226' title='bbox 981 2740 1205 2798; x_wconf 84' lang='lat' dir='ltr'><strong>ratione</strong></span> <span class='ocrx_word' id='word_1_227' title='bbox 1260 2746 1431 2817; x_wconf 88' lang='lat' dir='ltr'><strong>atque</strong></span> <span class='ocrx_word' id='word_1_228' title='bbox 1480 2739 1745 2812; x_wconf 85' lang='lat' dir='ltr'><strong>sollertia,</strong></span> <span class='ocrx_word' id='word_1_229' title='bbox 1775 2759 1973 2818; x_wconf 88' lang='lat' dir='ltr'><strong>quam-</strong></span> 
     </span>
     <span class='ocr_line' id='line_1_33' title="bbox 281 2818 1972 2898; baseline 0 -20"><span class='ocrx_word' id='word_1_230' title='bbox 281 2838 456 2898; x_wconf 88' lang='lat' dir='ltr'><strong>quam</strong></span> <span class='ocrx_word' id='word_1_231' title='bbox 501 2818 634 2877; x_wconf 86' lang='lat' dir='ltr'><strong>aves</strong></span> <span class='ocrx_word' id='word_1_232' title='bbox 677 2819 951 2896; x_wconf 84' lang='lat' dir='ltr'><strong>quasdam</strong></span> <span class='ocrx_word' id='word_1_233' title='bbox 995 2825 1056 2876; x_wconf 87' lang='lat' dir='ltr'><strong>et</strong></span> <span class='ocrx_word' id='word_1_234' title='bbox 1097 2819 1264 2877; x_wconf 88' lang='lat' dir='ltr'><strong>alites</strong></span> <span class='ocrx_word' id='word_1_235' title='bbox 1305 2828 1366 2878; x_wconf 86' lang='lat' dir='ltr'><strong>et</strong></span> <span class='ocrx_word' id='word_1_236' title='bbox 1408 2820 1646 2892; x_wconf 73' lang='lat' dir='ltr'><strong>oscineS‚</strong></span> <span class='ocrx_word' id='word_1_237' title='bbox 1682 2827 1749 2876; x_wconf 90' lang='lat' dir='ltr'><strong>ut</strong></span> <span class='ocrx_word' id='word_1_238' title='bbox 1789 2820 1972 2878; x_wconf 87' lang='lat' dir='ltr'><strong>nostri</strong></span> 
     </span>
     <span class='ocr_line' id='line_1_34' title="bbox 279 2899 1971 2976; baseline 0 -18"><span class='ocrx_word' id='word_1_239' title='bbox 279 2917 528 2976; x_wconf 84' lang='lat' dir='ltr'><strong>augures</strong></span> <span class='ocrx_word' id='word_1_240' title='bbox 567 2899 876 2976; x_wconf 87' lang='lat' dir='ltr'><strong>appellant,</strong></span> <span class='ocrx_word' id='word_1_241' title='bbox 906 2917 1098 2956; x_wconf 86' lang='lat' dir='ltr'><strong>rerum</strong></span> <span class='ocrx_word' id='word_1_242' title='bbox 1139 2899 1597 2976; x_wconf 86' lang='lat' dir='ltr'><strong>augurandarum</strong></span> <span class='ocrx_word' id='word_1_243' title='bbox 1640 2918 1810 2956; x_wconf 84' lang='lat' dir='ltr'><strong>causa</strong></span> <span class='ocrx_word' id='word_1_244' title='bbox 1849 2918 1971 2958; x_wconf 85' lang='lat' dir='ltr'><strong>esse</strong></span> 
     </span>
     <span class='ocr_line' id='line_1_35' title="bbox 279 2977 1971 3056; baseline -0.001 -19"><span class='ocrx_word' id='word_1_245' title='bbox 279 2987 446 3037; x_wconf 85' lang='lat' dir='ltr'><strong>natas</strong></span> <span class='ocrx_word' id='word_1_246' title='bbox 489 2985 777 3056; x_wconf 85' lang='lat' dir='ltr'><strong>putamus.</strong></span> <span class='ocrx_word' id='word_1_247' title='bbox 867 2984 1000 3037; x_wconf 88' lang='grc'><strong>161.</strong></span> <span class='ocrx_word' id='word_1_248' title='bbox 1045 2977 1173 3036; x_wconf 90' lang='lat' dir='ltr'><strong>Iam</strong></span> <span class='ocrx_word' id='word_1_249' title='bbox 1216 2997 1351 3036; x_wconf 89' lang='lat' dir='ltr'><strong>vero</strong></span> <span class='ocrx_word' id='word_1_250' title='bbox 1394 2979 1677 3037; x_wconf 86' lang='lat' dir='ltr'><strong>immanes</strong></span> <span class='ocrx_word' id='word_1_251' title='bbox 1718 2985 1777 3036; x_wconf 91' lang='lat' dir='ltr'><strong>et</strong></span> <span class='ocrx_word' id='word_1_252' title='bbox 1820 2978 1971 3036; x_wconf 82' lang='lat' dir='ltr'><strong>feras</strong></span> 
     </span>
     <span class='ocr_line' id='line_1_36' title="bbox 277 3055 1972 3129; baseline -0.001 -13"><span class='ocrx_word' id='word_1_253' title='bbox 277 3058 478 3118; x_wconf 88' lang='lat' dir='ltr'><strong>beluas</strong></span> <span class='ocrx_word' id='word_1_254' title='bbox 519 3058 905 3116; x_wconf 85' lang='lat' dir='ltr'><strong>nanciscimur</strong></span> <span class='ocrx_word' id='word_1_255' title='bbox 945 3058 1227 3129; x_wconf 86' lang='lat' dir='ltr'><strong>venand0,</strong></span> <span class='ocrx_word' id='word_1_256' title='bbox 1257 3065 1325 3116; x_wconf 92' lang='lat' dir='ltr'><strong>ut</strong></span> <span class='ocrx_word' id='word_1_257' title='bbox 1366 3065 1427 3117; x_wconf 88' lang='lat' dir='ltr'><strong>et</strong></span> <span class='ocrx_word' id='word_1_258' title='bbox 1468 3076 1763 3116; x_wconf 85' lang='lat' dir='ltr'><strong>vescamur</strong></span> <span class='ocrx_word' id='word_1_259' title='bbox 1797 3055 1869 3115; x_wconf 84' lang='lat' dir='ltr'><strong>iis</strong></span> <span class='ocrx_word' id='word_1_260' title='bbox 1913 3066 1972 3115; x_wconf 84' lang='lat' dir='ltr'><strong>et</strong></span> 
     </span>
     <span class='ocr_line' id='line_1_37' title="bbox 281 3137 1973 3198; baseline 0 -3"><span class='ocrx_word' id='word_1_261' title='bbox 281 3157 646 3198; x_wconf 81' lang='lat' dir='ltr'><strong>exerceamur</strong></span> <span class='ocrx_word' id='word_1_262' title='bbox 671 3138 733 3196; x_wconf 91' lang='lat' dir='ltr'><strong>in</strong></span> <span class='ocrx_word' id='word_1_263' title='bbox 767 3137 1030 3196; x_wconf 85' lang='lat' dir='ltr'><strong>venando</strong></span> <span class='ocrx_word' id='word_1_264' title='bbox 1057 3138 1133 3196; x_wconf 88' lang='lat' dir='ltr'><strong>ad</strong></span> <span class='ocrx_word' id='word_1_265' title='bbox 1161 3137 1598 3196; x_wconf 86' lang='lat' dir='ltr'><strong>similitudinem</strong></span> <span class='ocrx_word' id='word_1_266' title='bbox 1626 3137 1859 3196; x_wconf 87' lang='lat' dir='ltr'><strong>bellicae</strong></span> <span class='ocrx_word' id='word_1_267' title='bbox 1888 3137 1973 3195; x_wconf 88' lang='lat' dir='ltr'><strong>di·-</strong></span> 
     </span>
     <span class='ocr_line' id='line_1_38' title="bbox 281 3217 1974 3296; baseline -0.002 -20"><span class='ocrx_word' id='word_1_268' title='bbox 281 3218 560 3296; x_wconf 84' lang='lat' dir='ltr'><strong>sciplinae</strong></span> <span class='ocrx_word' id='word_1_269' title='bbox 589 3224 652 3278; x_wconf 88' lang='lat' dir='ltr'><strong>et</strong></span> <span class='ocrx_word' id='word_1_270' title='bbox 681 3224 914 3276; x_wconf 87' lang='lat' dir='ltr'><strong>utamur</strong></span> <span class='ocrx_word' id='word_1_271' title='bbox 939 3218 1181 3292; x_wconf 79' lang='lat' dir='ltr'><strong>domitis</strong></span> <span class='ocrx_word' id='word_1_272' title='bbox 1196 3224 1273 3278; x_wconf 87' lang='lat' dir='ltr'><strong>et</strong></span> <span class='ocrx_word' id='word_1_273' title='bbox 1298 3217 1741 3291; x_wconf 71' lang='lat' dir='ltr'><strong>condocefactiS,</strong></span> <span class='ocrx_word' id='word_1_274' title='bbox 1774 3225 1838 3276; x_wconf 88' lang='lat' dir='ltr'><strong>ut</strong></span> <span class='ocrx_word' id='word_1_275' title='bbox 1865 3217 1974 3276; x_wconf 82' lang='lat' dir='ltr'><strong>ele-</strong></span> 
     </span>
    </p>
   </div>
   <div class='ocr_carea' id='block_1_5' title="bbox 2088 3402 2199 3508">
    <p class='ocr_par' dir='ltr' id='par_1_6' title="bbox 2088 3402 2199 3508">
     <span class='ocr_line' id='line_1_39' title="bbox 2088 3402 2199 3508; baseline 0 0"><span class='ocrx_word' id='word_1_276' title='bbox 2088 3402 2199 3508; x_wconf 65' lang='lat' dir='ltr'><strong><em>A</em></strong></span> 
     </span>
    </p>
   </div>
  </div>
 </body>
</html>
