2199 3546
206 157 304 206 162
724 155 824 206 DE
856 153 1373 206 DIVINATIONE..
1458 193 1465 202 .

204 256 316 326 nia,
338 275 484 348 quse
503 256 576 314 ab
595 256 798 349 Aenos
816 262 979 333 gesta
999 261 1135 314 sunt
1156 273 1421 349 quseque.
1436 253 1521 347 illi
1540 253 1897 328 acciderunt,

205 336 486 474 ωὲἓὲῗίῗ
489 336 1900 493 “823231-‘35201-2”31¹31¹223115e¹3ffissfflffimffi

204 503 292 554 est
319 495 566 572 Superbi
592 495 892 574 Tarquinii
913 497 1221 568 somnium,
1244 496 1317 554 de
1346 495 1544 573 quoin
1566 494 1753 553 Bruto
1782 494 1901 553 Ac·-

205 576 282 634 cii
307 574 565 654 loquitur
592 576 753 653 ipse?

206 692 302 747 44.
371 698 536 758 Quom
557 697 660 746 iam
680 698 832 762 quieti
855 713 1030 760 corpus
1051 706 1293 746 nocturno
1312 697 1501 760 impetu

371 763 506 812 Dedi
526 779 700 826 sopore
719 764 920 827 placans
939 773 1076 812 artus
1097 762 1375 824 languidos,

369 829 548 878 Visust
567 829 618 878 in
641 829 828 878 som-nis
848 840 1016 891 pastor
1031 828 1098 878 ad
1120 843 1203 878 me
1218 827 1469 891 appellere

367 893 532 943 Pecus
553 894 830 955 lanigerum
849 894 1038 943 eximia
1056 893 1451 956 pulchritudine:

367 959 512 1008 Duos
531 960 923 1020 consanguineos
942 960 1121 1008 arietes
1141 958 1257 1007 inde
1275 957 1392 1021 eligi

368 1024 856 1087 Praeclarioremque
875 1025 1088 1073 alterum
1109 1025 1175 1073 im
1183 1024 1367 1073 molare
1384 1041 1496 1076 me:

367 1089 567 1138 Deinde
587 1090 690 1139 eius
710 1104 1002 1150 geimanum
1021 1090 1253 1139 cornibus
1274 1091 1485 1141 conitier

369 1155 432 1203 In
453 1169 535 1204 me
556 1155 778 1215 arietare,
801 1169 956 1218 eoque
975 1156 1078 1204 ictu
1097 1170 1179 1204 me
1196 1155 1261 1205 ad
1284 1170 1455 1206 casum
1478 1155 1617 1206 dari:

369 1221 506 1268 Exin
527 1230 826 1282 prostratum
849 1230 995 1282 terra,
1019 1221 1237 1282 graviter
1253 1223 1495 1283 saucium,

371 1285 677 1347 Resupinum
697 1286 747 1334 in
771 1285 908 1335 caelo
927 1287 1149 1335 contueri
1168 1288 1447 1336 maximum
1466 1301 1527 1336 ac

371 1351 639 1400 Mirificum
663 1351 884 1400 facinus:
925 1351 1241 1400 dextrorsum
1267 1353 1439 1402 orbem
1458 1353 1747 1402 flammeum

367 1416 641 1466 Radiatum
666 1417 782 1465 solis
803 1417 978 1481 liquier
997 1433 1147 1467 cursu
1168 1432 1315 1468 novo,

211 1555 308 1610 45.
352 1550 494 1613 Eius
533 1551 713 1628 igitur
753 1551 964 1608 somnii
996 1571 1032 1608 a
1063 1551 1485 1609 coniectoribus
1528 1570 1674 1629 quae
1706 1551 1783 1609 sit
1816 1550 1905 1608 in·

209 1632 546 1708 terpretatio
573 1632 732 1690 faeta
755 1631 1086 1689 videamus:
1131 1671 1137 1677 -

211 1758 340 1820 Reiz,
365 1758 562 1823 quaein
586 1758 686 1808 vita
709 1766 950 1823 usurpant
972 1759 1213 1822 hemina,
1234 1759 1472 1823 cogitant,
1495 1755 1687 1821 curant,
1710 1758 1897 1820 vident,

212 1824 452 1939 Quaequg,
477 1834 632 1885 agunt
660 1826 922 1887 vigilantes
941 1826 1244 1889 agitantque,
1262 1842 1323 1875 ea
1344 1828 1385 1875 si
1405 1827 1484 1895 cui
1502 1827 1554 1875 in
1577 1840 1753 1875 somno
1771 1826 1905 1874 acci-

446 1900 549 1951 unt,

212 1954 384 2004 Minus
412 1955 694 2068 agi-andum
721 1965 812 2019 est,
837 1956 992 2006 sedin
1023 1971 1078 2005 re
1106 1964 1246 2005 tantu
1272 1956 1403 2006 haud
1426 1970 1611 2007 temere
1630 1956 1907 2019 improviso

409 2036 440 2069 o
479 2032 641 2071 erunt.

213 2085 367 2134 Proin
389 2086 501 2135 vide
525 2101 602 2146 ue,
626 2102 773 2149 quem
798 2097 850 2135 tu
875 2103 981 2136 esse
1003 2087 1229 2136 hebetem
1251 2086 1459 2150 deputes
1479 2102 1635 2151 aeque
1654 2102 1712 2137 nc
1728 2102 1898 2150 pecus,

214 2152 267 2199 Is
293 2152 535 2213 sapientia
560 2154 804 2200 munitum
828 2162 998 2214 pectus
1019 2153 1269 2213 egregium
1290 2161 1431 2213 gerat

212 2217 383 2279 Teque
411 2231 573 2328 ῐιξῖιίζηο
607 2217 855 2279 expellat:
894 2234 1010 2267 nam
1047 2218 1117 2279 id,
1146 2218 1279 2281 quod
1311 2218 1373 2267 de
1406 2217 1510 2268 sole
1542 2226 1792 2267 ostentum
1826 2224 1904 2265 est

213 2344 410 2407 Populo
429 2318 868 2396 commutationem
892 2362 1050 2397 rerum
1073 2347 1324 2410 portendit
1342 2348 1447 2398 fore

213 2410 656 2524 Perpropidiguam.
727 2413 866 2461 llaec
890 2413 1015 2461 bene
1036 2424 1329 2464 verruncent
1354 2414 1546 2477 populo.
1611 2414 1744 2463 Nam
1768 2412 1907 2479 quod

410 2492 440 2524 a
531 2488 756 2524 exteram

215 2541 363 2605 Cepit
383 2556 580 2589 cursum
606 2542 670 2589 ab
691 2542 830 2590 laeva
849 2543 1044 2605 signum
1063 2552 1374 2607 praepotenS,
1394 2544 1722 2607 pulcherrime

215 2608 535 2668 Auguratum
555 2615 630 2654 est
650 2621 754 2657 rem
777 2608 1055 2658 Romanam
1076 2610 1321 2671 publicam
1344 2624 1591 2659 summam
1615 2610 1734 2658 fore.

217 2734 448 2792 XXIII.
534 2739 630 2793 46.
675 2736 806 2812 Age
839 2755 992 2793 nunc
1020 2736 1095 2793 ad
1124 2743 1357 2794 externa
1390 2736 1701 2795 redeamus,
1787 2735 1909 2794 Ma-

217 2821 365 2871 trem
401 2814 724 2871 Phalaridis
766 2816 965 2872 scribit
997 2816 1278 2873 Ponticus
1310 2817 1661 2887 Heraclide8‚
1699 2816 1908 2874 doctus

219 2893 320 2961 vir,
351 2892 583 2949 auditor
614 2900 672 2950 et
701 2893 1014 2971 discipulus
1041 2894 1319 2966 PlatoniS,
1344 2897 1520 2951 visam
1559 2915 1679 2953 esse
1713 2896 1907 2953 videre

218 2971 279 3026 in
313 2971 530 3027 somnis
563 2969 864 3027 simulacra
897 2972 1153 3041 deorum,
1181 2992 1325 3047 quae
1358 2974 1484 3049 ipsa
1516 2975 1676 3031 domi
1710 2994 1909 3033 conse-

218 3049 520 3107 cravisset:
571 3068 640 3105 ex
676 3048 765 3106 his
799 3049 1145 3108 Mercurium
1182 3070 1212 3107 e
1244 3058 1454 3126 patera,
1488 3072 1661 3129 quam
1703 3054 1909 3111 dextra

217 3145 393 3183 manu
441 3133 679 3198 teneret,
716 3128 1053 3203 sanguinem
1102 3128 1289 3185 visum
1337 3150 1457 3188 esse
1506 3132 1764 3204 fundere,
1804 3134 1907 3209 qui

219 3223 352 3263 eum
392 3212 602 3263 terram
645 3206 948 3279 attigisset,
977 3206 1353 3267 refervescere
1386 3210 1674 3269 videretur
1706 3212 1807 3283 sie,
1837 3219 1909 3273 ut
