2199 3546
204 151 301 199 122
647 147 748 198 DE
780 145 1083 199 NATURA
1114 147 1440 200 DEORUM.

201 258 261 309 et
304 250 644 328 Neptunum
679 245 905 328 [deum]
941 268 1238 308 numeras:
1283 269 1421 326 ergo
1464 249 1639 308 etiam
1684 249 1885 324 Orcus,

200 331 378 388 frater
409 350 624 401 eorum,
649 330 807 401 deuS,
831 338 891 388 et
921 330 1019 401 illi,
1045 331 1146 406 qui
1172 329 1347 388 fluere
1376 330 1531 406 apud
1559 330 1776 388 inferos
1804 331 1887 390 di-

199 418 421 483 cuntur,
440 411 727 482 Acheron,
747 411 1018 487 Cocytus,
1039 410 1203 486 Styx,
1225 409 1737 488 Pyriphlegethon,
1759 418 1885 469 tum

198 490 445 562 Charon,
476 499 602 548 tum
648 489 927 549 Cerberus
966 490 1027 547 di
1065 491 1326 568 putandi.
1412 494 1507 547 44.
1554 491 1636 547 At
1668 491 1729 548 id
1764 492 1887 568 qui-

197 571 328 628 dem
359 570 796 648 repudiandum.
878 569 964 628 Ne
986 570 1171 628 Orcus
1192 570 1425 648 quidem
1447 569 1663 647 igitur?
1728 570 1886 640 Quid

197 651 390 708 dicitis
430 669 568 726 ergo
602 650 675 708 de
707 649 1018 708 fratribus?
1098 649 1261 707 Haec
1310 649 1632 708 Carneades
1674 650 1880 724 aiebat,

196 749 313 788 non
353 737 420 788 ut
456 730 595 788 deos
631 728 1079 807 tolleret—quid
1112 729 1268 788 enim
1300 729 1650 807 philosopho
1690 731 1885 790 minus

195 809 777 871 conveniensi—sed
815 816 880 867 ut
925 809 1153 868 Stoicos
1192 809 1340 867 nihil
1374 809 1446 868 de
1479 809 1569 868 dis
1600 811 1882 888 explicare

195 891 572 948 convinceret.
657 889 859 968 Itaque
890 889 1312 968 insequebatur.
1396 889 1553 959 Quid
1586 892 1739 950 enim
1772 892 1883 950 aie-

193 970 331 1029 bat?
371 971 421 1028 si
460 971 505 1028 ii
546 970 753 1027 fratres
796 976 930 1027 sunt
961 970 1023 1027 in
1056 989 1299 1029 numero
1340 970 1598 1042 deorum,
1629 990 1769 1029 num
1807 970 1882 1030 de

191 1056 357 1127 patre
399 1069 599 1108 eorum
643 1049 891 1108 Saturno
927 1050 991 1107 id
1027 1051 1227 1130 negari
1259 1056 1468 1128 potest,
1499 1070 1673 1129 quem
1708 1051 1881 1130 vulgo

193 1131 442 1188 maxime
469 1131 669 1188 colunt
696 1129 770 1187 ad
798 1130 1195 1189 occidentem?
1267 1129 1381 1200 Qui
1410 1131 1459 1188 si
1486 1137 1576 1189 est
1603 1131 1760 1204 deuS‚
1781 1151 1882 1209 pa·

192 1216 338 1268 trem
386 1229 614 1288 quoque
659 1210 781 1268 eius
824 1209 1060 1268 Caelum
1106 1228 1229 1269 esse
1273 1211 1447 1269 deum
1486 1211 1879 1270 confitendum

192 1298 294 1348 est.
380 1289 553 1359 Quod
589 1291 638 1348 si
675 1291 759 1348 ita
794 1297 897 1362 est,
927 1290 1086 1348 Caeli
1122 1310 1351 1369 quoque
1388 1299 1653 1368 parentes
1692 1292 1753 1350 di
1787 1292 1881 1350 ha·

190 1369 368 1428 bendi
397 1378 546 1443 sunt,
570 1370 791 1428 Aether
817 1381 876 1428 et
902 1370 1044 1429 Dies
1071 1390 1387 1449 eorumque
1412 1372 1619 1430 fratres
1646 1379 1705 1430 et
1726 1371 1886 1431 soro?

190 1469 295 1521 res»,
321 1451 421 1529 qui
448 1471 483 1508 a
509 1451 838 1529 genealogis
866 1451 1118 1529 antiquis
1150 1452 1233 1509 sic
1262 1452 1647 1523 nominant-ur,
1672 1452 1875 1526 Amor,

189 1529 391 1602 Dolor,
436 1531 642 1602 Metus,
684 1531 886 1603 Labor,
927 1531 1271 1604 Invidentia,
1312 1531 1536 1603 Fatum,
1582 1531 1875 1604 SenectuS,

191 1610 364 1682 MorS,
393 1610 701 1682 Tenebrae,
727 1611 972 1682 Miseria,
997 1610 1255 1683 Querela,
1284 1611 1499 1683 Gratia,
1526 1611 1718 1684 Fraus,
1744 1612 1880 1670 Per—

188 1691 415 1762 tinacia,
437 1690 666 1763 Parcae,
687 1691 1051 1769 Hesperides,
1073 1691 1327 1762 Somnia,
1349 1711 1495 1770 quos
1522 1711 1722 1750 omnes
1744 1693 1879 1751 Ere-

188 1769 266 1829 bo
301 1779 361 1830 et
388 1771 575 1831 Nocte
604 1780 770 1831 natos
796 1773 1007 1831 ferunt.
1090 1771 1217 1832 Aut
1245 1773 1424 1851 igitur
1450 1772 1591 1831 haec
1619 1781 1878 1833 monstra

188 1852 487 1927 probanda
513 1862 647 1911 sunt
674 1861 775 1911 aut
795 1853 983 1931 prima
1007 1852 1109 1911 illa
1132 1852 1401 1911 tollenda.
1477 1853 1707 1912 XVIII.
1776 1860 1871 1913 45.

188 1930 382 2001 Quid?
463 1933 816 2011 Apollinem,
850 1933 1191 2004 Volcanum,
1230 1932 1593 2005 Mercurium,
1635 1941 1872 2008 ceterOS,

188 2012 328 2070 deos
379 2033 502 2071 esse
556 2013 741 2072 dices:
805 2014 877 2072 de
927 2013 1191 2082 Hercule,
1236 2013 1600 2091 Aesculapio,
1647 2014 1871 2087 Libero,

187 2092 442 2165 Castore,
468 2093 704 2152 Polluce
733 2094 1060 2152 dubitabis?
1140 2094 1226 2151 At
1254 2093 1315 2151 hi
1344 2093 1577 2171 quidem
1608 2094 1877 2153 coluntur

187 2192 365 2249 aeque
399 2181 572 2250 atque
605 2174 704 2239 illi,
737 2174 892 2250 apud
925 2174 1204 2251 quosdam
1240 2174 1414 2231 etiam
1449 2174 1635 2233 multo
1669 2176 1870 2252 magiS.

186 2252 342 2329 Ergo
381 2252 442 2309 hi
475 2253 537 2309 di
572 2261 705 2310 sunt
739 2253 986 2311 habendi
1022 2254 1361 2311 mortalibus
1394 2255 1516 2312 nati
1558 2255 1897 2314 matribus?-

186 2332 372 2401 Quid?
436 2331 749 2404 AristaeuS,
775 2333 874 2410 qui
903 2332 1084 2391 olivae
1114 2333 1326 2392 dicitur
1350 2334 1632 2407 invent-or,
1652 2335 1875 2413 Apolli-

185 2413 276 2469 nis
307 2411 474 2483 filius,
505 2412 774 2484 TheseuS,
807 2413 905 2489 qui
938 2412 1215 2491 Neptuni,
1246 2414 1467 2491 reliqui,
1500 2433 1743 2493 quorum
1778 2436 1875 2494 pa-

183 2499 300 2550 tres
342 2492 420 2563 di,
452 2510 566 2549 non
604 2500 770 2550 erunt
801 2494 863 2550 in
898 2493 1137 2551 deorum
1170 2495 1449 2553 numero?
1531 2494 1704 2567 Quid,
1737 2515 1875 2573 quo-

185 2590 313 2629 rum
346 2573 590 2629 matres?
671 2572 912 2650 Opinor,
942 2574 1118 2632 etiam
1154 2575 1354 2651 magis,
1439 2573 1527 2633 Ut
1561 2576 1713 2632 enim
1749 2576 1873 2634 iure

183 2650 340 2709 civili
382 2652 481 2727 qui
524 2659 612 2710 est
645 2660 826 2710 matre
859 2652 1039 2711 libera
1070 2653 1214 2712 liber
1248 2662 1349 2725 est,
1380 2654 1520 2712 item
1556 2654 1678 2713 iure
1712 2662 1873 2712 natu·

182 2750 294 2802 rae,
327 2732 426 2807 qui
475 2730 582 2789 dea
630 2740 812 2790 matre
859 2740 962 2804 est,
1000 2733 1141 2791 deus
1190 2735 1265 2791 sit
1305 2753 1531 2792 necesse
1574 2742 1675 2792 est.
1761 2734 1874 2792 Ita-

185 2829 296 2887 que
323 2810 609 2868 Achillem
640 2812 1117 2888 Astypalaeenses
1140 2813 1384 2871 insulani
1404 2814 1759 2871 sanctissime
1782 2834 1873 2871 co·

183 2889 343 2947 lunt:
389 2891 488 2967 qui
521 2892 569 2947 si
604 2891 745 2948 deus
778 2898 881 2961 est,
907 2899 965 2948 et
997 2890 1264 2967 Orpheus
1297 2899 1356 2949 et
1387 2892 1612 2950 Rhesus
1646 2894 1707 2950 di
1738 2901 1871 2953 sunt

183 2967 350 3025 Musa
386 2978 567 3027 matre
600 2970 740 3041 nati,
771 2969 881 3026 nisi
909 2970 1061 3027 forte
1089 2972 1411 3029 maritimae
1438 2973 1673 3048 nuptiae
1702 2982 1865 3032 terre·

182 3048 273 3103 nis
301 3055 745 3125 anteponuntur.
831 3048 894 3105 Si
921 3048 983 3105 hi
1012 3049 1073 3106 di
1102 3068 1218 3107 non
1248 3058 1398 3123 sunt,
1425 3053 1558 3129 quia
1584 3072 1871 3130 nusquam

182 3126 464 3199 coluntur,
497 3148 612 3205 quo
654 3127 832 3185 modo
874 3127 954 3184 illi
999 3130 1171 3186 sunt?
1252 3136 1347 3187 46.
1393 3131 1545 3189 Vide
1581 3133 1759 3208 igitur
1798 3155 1871 3192 ne

181 3205 491 3264 virtutibus
525 3207 824 3265 hominum
861 3206 959 3265 isti
985 3206 1233 3265 honores
1259 3208 1593 3279 habeantur,
1620 3232 1733 3269 non
1768 3216 1871 3271 im·
