2199 3546
215 127 312 176 192
737 122 840 172 1>ss
871 123 1375 175 DIVINATIONE.

173 213 198 230 ’
211 225 556 305 replicantis.
631 223 808 295 Quod
833 233 893 284 et
918 225 962 282 ii
983 225 1201 297 vident,
1219 225 1427 304 quibus
1457 225 1909 284 naturalisdivi-

211 307 372 363 natio
401 307 537 362 data
563 312 666 378 est,
691 313 752 363 et
778 306 838 377 ii,
860 305 1068 382 quibus
1102 325 1301 362 cursus
1326 326 1517 363 rerum
1546 305 1909 364 observando

211 393 444 443 notatus
471 393 574 444 est.
643 385 758 454 Qui
779 386 886 443 etsi
913 404 1111 442 causas
1136 387 1285 462 ipsas
1312 403 1431 442 non
1460 393 1719 454 cernunt,
1742 387 1910 462 signa

209 472 406 522 tamen
433 483 728 522 causarum
764 472 824 522 et
850 472 1018 521 notas
1045 472 1319 522 cernunt:
1364 465 1439 522 ad
1468 484 1609 542 quas
1642 465 1911 524 adhibita

209 544 490 602 memoria
509 552 568 602 et
585 543 886 620 diligentia
903 563 972 600 ex
989 544 1386 602 monumentis
1406 544 1769 622 superiorum
1791 545 1911 602 effi-

209 624 360 682 citur
377 642 444 682 ea
459 623 757 694 divinati0‚
769 641 914 700 quae
931 622 1239 681 artificiosa
1250 624 1479 694 dicitur,
1494 631 1779 695 extorum,
1796 625 1908 682 ful·
2012 691 2018 696 ,

207 721 436 780 gutum,
471 709 828 762 ostentorum
871 703 1285 780 signorumque
1324 704 1675 762 caelestium.
1768 711 1903 763 128.

209 781 268 839 Ν
269 801 346 840 on
374 789 462 840 est
483 782 661 860 igitur
685 788 753 839 ut
771 782 1102 840 mirandum
1130 784 1207 840 sit
1234 803 1302 841 ca
1327 784 1667 860 praesentiri
1693 804 1730 841 a
1763 785 1907 842 divi-

209 861 496 934 nantibuS,
517 881 662 940 quae
689 881 974 939 nusquam
1002 862 1136 921 sint.
1202 863 1353 921 Sunt
1379 864 1533 920 enim
1563 864 1779 935 omnia,
1804 865 1907 922 sed

207 947 469 1018 tempore
509 942 732 1000 absunt.
816 941 1014 1018 Atque
1055 948 1125 999 ut
1164 942 1225 999 in
1268 943 1583 1000 seminibus
1623 945 1711 1000 vis
1754 945 1907 1003 inest

208 1039 403 1077 earum
431 1041 637 1092 rerum,
659 1041 803 1099 quae
837 1041 906 1079 ex
939 1022 1020 1078 iis
1038 1022 1483 1099 progignuntur‚
1508 1025 1592 1080 sic
1620 1023 1683 1080 in
1718 1025 1905 1082 causis

213 1101 476 1158 conditae
510 1110 644 1159 sunt
673 1121 760 1158 res
787 1103 1033 1172 futurae,
1056 1121 1199 1178 quas
1231 1121 1353 1160 esse
1381 1102 1607 1160 futuras
1640 1111 1745 1161 aut
1772 1122 1907 1162 con-

207 1179 383 1236 citata
425 1199 589 1237 mens
633 1190 734 1239 aut
777 1182 966 1240 soluta
1005 1201 1213 1239 somno
1256 1183 1440 1240 cernit
1472 1189 1574 1239 aut
1609 1183 1760 1240 ratio
1802 1191 1905 1242 aut

206 1261 534 1317 coniectura
561 1262 886 1337 praesentit.
950 1261 1149 1339 Atque
1177 1269 1245 1320 ut
1269 1262 1330 1332 ii,
1353 1262 1451 1339 qui
1480 1261 1619 1320 solis
1646 1270 1707 1321 et
1734 1263 1903 1322 lunae

205 1339 670 1418 reliquorumque
713 1341 964 1398 siderum
1007 1349 1183 1412 orme,
1222 1340 1419 1399 obitus
1458 1349 1771 1419 motusque
1812 1363 1905 1401 co-
1994 1363 1999 1367 ·

205 1427 475 1494 gnorunt,
521 1440 636 1498 quo
679 1421 932 1498 quidque
973 1427 1235 1498 tempore
1276 1440 1475 1478 eorum
1516 1421 1785 1480 futurum
1828 1423 1905 1481 sit

204 1499 390 1556 multo
419 1509 550 1557 ante
579 1500 932 1576 praedicunt,
955 1501 1038 1557 sic
1067 1501 1167 1578 qui
1194 1519 1423 1558 cursum
1450 1521 1641 1559 rerum
1672 1510 1904 1560 evento-

204 1597 446 1657 rumque
473 1580 942 1656 consequentiam
962 1580 1344 1638 diuturnitate
1364 1587 1713 1658 pertractata
1740 1590 1904 1640 nota-

204 1668 425 1729 verunt,
449 1666 550 1717 aut
577 1678 800 1737 semper
827 1667 944 1732 aut,
977 1660 1024 1717 si
1057 1660 1119 1717 id
1148 1659 1379 1718 difficile
1412 1667 1514 1731 est,
1538 1661 1898 1740 plerumque,

205 1738 365 1815 quod
387 1739 434 1796 si
462 1757 533 1797 ne
563 1738 624 1796 id
653 1739 888 1817 quidem
915 1741 1267 1813 conceditur,
1288 1761 1407 1799 non
1434 1760 1756 1819 numquam
1786 1762 1903 1801 cer-

203 1824 263 1876 te
293 1820 432 1897 quid
453 1818 715 1879 futurum
741 1820 818 1878 sit
840 1819 1199 1897 intellegunt.
1276 1821 1469 1899 Atque
1490 1821 1629 1879 haec
1658 1824 1899 1900 quidem

204 1906 266 1956 et
293 1900 572 1977 quaedam
600 1900 772 1959 huius
803 1900 965 1958 modi
999 1908 1341 1977 argumenta
1372 1920 1475 1959 cur
1508 1902 1585 1959 sit
1611 1901 1899 1962 divinatio

205 1978 499 2038 ducuntur
525 2000 560 2038 a
585 1982 726 2039 fato.

285 2058 474 2118 LVII.
563 2066 692 2118 129.
730 2060 788 2118 A
819 2066 1024 2117 natura
1055 2067 1251 2118 autem
1286 2060 1397 2118 alia
1428 2060 1713 2137 quaedam
1748 2064 1897 2123 ratio
1986 2066 1991 2071 “

204 2144 309 2211 est,
330 2158 475 2217 quae
503 2140 673 2198 docet
696 2146 910 2217 quanta
937 2140 1014 2197 sit
1035 2139 1213 2197 animi
1235 2140 1321 2196 vis
1348 2140 1608 2197 seiuncta
1633 2160 1670 2197 a
1696 2160 1901 2219 corpo-

201 2218 282 2275 ris
309 2218 601 2277 sensibus:
649 2219 805 2295 quod
833 2219 1083 2277 maxime
1117 2219 1406 2296 contingit
1432 2227 1534 2278 aut
1561 2220 1899 2279 dormienti-

202 2297 311 2355 bus
331 2304 432 2356 aut
451 2304 643 2354 mente
665 2298 959 2373 permotis
1021 2298 1109 2357 Ut
1130 2300 1285 2356 enim
1306 2300 1545 2357 deorum
1570 2300 1749 2357 animi
1772 2302 1897 2359 sine

204 2377 400 2449 oculis,
421 2376 542 2434 sine
569 2376 817 2448 auribuS,
839 2378 960 2435 sine
982 2378 1181 2455 lingua
1208 2379 1464 2437 sentiunt
1483 2380 1635 2437 inter
1661 2398 1724 2437 se
1752 2382 1897 2459 quid

205 2458 444 2534 quisque
471 2456 696 2527 sentiat,
718 2475 788 2514 ex
819 2476 934 2533 quo
962 2456 1028 2515 fit
1055 2467 1123 2515 ut
1145 2458 1424 2529 homineS,
1446 2460 1621 2517 etiam
1650 2478 1785 2517 cum
1814 2469 1896 2518 ta-

203 2537 302 2593 citi
337 2542 542 2613 optent
576 2536 719 2614 quid
751 2545 852 2595 aut
884 2545 1148 2609 voveant,
1171 2557 1291 2595 non
1334 2537 1607 2597 dubitent
1648 2540 1789 2616 quin
1832 2541 1895 2598 di

201 2614 345 2673 illud
374 2616 697 2687 exaudiant,
722 2616 804 2674 sic
837 2616 1016 2673 animi
1043 2616 1366 2689 hominum,
1390 2637 1523 2675 cum
1557 2626 1659 2677 aut
1678 2638 1903 2681 somno,

203 2694 376 2753 soluti
403 2703 607 2753 vacant
639 2714 877 2772 corpore
910 2703 1013 2753 aut
1043 2703 1237 2754 mente
1270 2699 1521 2775 permoti
1550 2716 1654 2775 per
1686 2718 1746 2756 se
1780 2700 1891 2776 ipsi

202 2773 367 2833 liberi
406 2774 632 2833 incitati
672 2780 992 2845 moventur,
1029 2784 1273 2834 cernunt
1312 2796 1396 2848 ea,
1434 2796 1579 2855 quae
1619 2779 1895 2855 permixti

202 2873 336 2912 cum
363 2873 600 2932 corpore
627 2853 805 2911 animi
827 2853 1019 2911 videre
1046 2873 1166 2911 non
1194 2862 1453 2933 possunt.
1528 2863 1661 2915 130.
1692 2857 1894 2935 Atque

201 2934 348 2991 hanc
391 2934 624 3009 quidem
666 2933 946 2990 rationem
988 2939 1227 2991 naturae
1258 2934 1491 2993 difficile
1525 2942 1613 2994 est
1644 2937 1893 2996 fortasse

200 3012 495 3068 traducere
521 3012 597 3067 ad
623 3012 687 3067 id
706 3028 888 3086 genus
915 3010 1304 3083 divinationis,
1327 3014 1484 3089 quod
1514 3034 1583 3071 ex
1612 3022 1733 3073 arte
1761 3035 1894 3092 pro-

199 3090 419 3146 fectum
447 3089 708 3157 dicimuS,
734 3087 834 3144 sed
862 3094 1054 3143 tamen
1083 3087 1147 3143 id
1176 3108 1405 3166 quoque
1438 3093 1681 3150 rimatur
1714 3112 1894 3170 quan-

201 3174 325 3223 tum
351 3172 546 3241 potest
572 3164 936 3239 Posidonius.
1011 3164 1153 3222 Esse
1181 3176 1375 3225 censet
1401 3170 1461 3226 in
1490 3178 1697 3229 natura
1722 3172 1893 3250 signa

521 3418 790 3489 Α
