<?xml version="1.0" encoding="UTF-8"?>
<!DOCTYPE html PUBLIC "-//W3C//DTD XHTML 1.0 Transitional//EN"
    "http://www.w3.org/TR/xhtml1/DTD/xhtml1-transitional.dtd">
<html xmlns="http://www.w3.org/1999/xhtml" xml:lang="en" lang="en">
 <head>
  <title>
</title>
<meta http-equiv="Content-Type" content="text/html;charset=utf-8" />
  <meta name='ocr-system' content='tesseract 3.04.00' />
  <meta name='ocr-capabilities' content='ocr_page ocr_carea ocr_par ocr_line ocrx_word'/>
</head>
<body>
  <div class='ocr_page' id='page_1' title='image "./denaturadeorumd00cicegoog_0027.png"; bbox 0 0 2199 3546; ppageno 0'>
   <div class='ocr_carea' id='block_1_1' title="bbox 553 158 1927 224">
    <p class='ocr_par' dir='ltr' id='par_1_1' title="bbox 553 158 1927 224">
     <span class='ocr_line' id='line_1_1' title="bbox 553 158 1927 224; baseline -0.003 -12"><span class='ocrx_word' id='word_1_1' title='bbox 553 163 693 212; x_wconf 86' lang='lat' dir='ltr'>LIB.</span> <span class='ocrx_word' id='word_1_2' title='bbox 725 162 793 224; x_wconf 90' lang='lat'>1.,</span> <span class='ocrx_word' id='word_1_3' title='bbox 817 160 974 212; x_wconf 82' lang='lat' dir='ltr'>CAP.</span> <span class='ocrx_word' id='word_1_4' title='bbox 1005 160 1343 222; x_wconf 65' lang='lat' dir='ltr'>:mn-xv„</span> <span class='ocrx_word' id='word_1_5' title='bbox 1366 158 1397 220; x_wconf 67' lang='grc' dir='ltr'><strong>ξ</strong></span> <span class='ocrx_word' id='word_1_6' title='bbox 1418 159 1600 210; x_wconf 76' lang='lat'>34-40.</span> <span class='ocrx_word' id='word_1_7' title='bbox 1866 162 1927 209; x_wconf 75' lang='lat'>17</span> 
     </span>
    </p>
   </div>
   <div class='ocr_carea' id='block_1_2' title="bbox 237 259 1987 3297">
    <p class='ocr_par' dir='ltr' id='par_1_2' title="bbox 237 259 1931 1220">
     <span class='ocr_line' id='line_1_2' title="bbox 238 259 1928 342; baseline -0.002 -21"><span class='ocrx_word' id='word_1_8' title='bbox 238 263 502 342; x_wconf 84' lang='lat' dir='ltr'><strong>proxime</strong></span> <span class='ocrx_word' id='word_1_9' title='bbox 536 262 846 334; x_wconf 88' lang='lat' dir='ltr'>nominavi,</span> <span class='ocrx_word' id='word_1_10' title='bbox 869 268 996 320; x_wconf 86' lang='lat' dir='ltr'>tum</span> <span class='ocrx_word' id='word_1_11' title='bbox 1032 261 1225 338; x_wconf 87' lang='lat' dir='ltr'>ipsum</span> <span class='ocrx_word' id='word_1_12' title='bbox 1257 260 1543 320; x_wconf 89' lang='lat' dir='ltr'>mundum</span> <span class='ocrx_word' id='word_1_13' title='bbox 1578 259 1752 317; x_wconf 89' lang='lat' dir='ltr'>deum</span> <span class='ocrx_word' id='word_1_14' title='bbox 1786 259 1928 318; x_wconf 86' lang='lat' dir='ltr'>dicit</span> 
     </span>
     <span class='ocr_line' id='line_1_3' title="bbox 238 339 1929 418; baseline -0.002 -16"><span class='ocrx_word' id='word_1_15' title='bbox 238 363 381 416; x_wconf 88' lang='lat' dir='ltr'>esse,</span> <span class='ocrx_word' id='word_1_16' title='bbox 405 351 530 402; x_wconf 88' lang='lat' dir='ltr'>tum</span> <span class='ocrx_word' id='word_1_17' title='bbox 563 343 746 401; x_wconf 87' lang='lat' dir='ltr'>totius</span> <span class='ocrx_word' id='word_1_18' title='bbox 785 349 1022 400; x_wconf 89' lang='lat' dir='ltr'>naturae</span> <span class='ocrx_word' id='word_1_19' title='bbox 1060 341 1248 399; x_wconf 86' lang='lat' dir='ltr'>menti</span> <span class='ocrx_word' id='word_1_20' title='bbox 1288 348 1460 418; x_wconf 87' lang='lat' dir='ltr'>atque</span> <span class='ocrx_word' id='word_1_21' title='bbox 1501 341 1697 398; x_wconf 86' lang='lat' dir='ltr'>animo</span> <span class='ocrx_word' id='word_1_22' title='bbox 1724 339 1929 398; x_wconf 81' lang='lat' dir='ltr'><strong>tribuit</strong></span> 
     </span>
     <span class='ocr_line' id='line_1_4' title="bbox 239 420 1930 498; baseline -0.002 -16"><span class='ocrx_word' id='word_1_23' title='bbox 239 423 352 482; x_wconf 93' lang='lat' dir='ltr'>hoc</span> <span class='ocrx_word' id='word_1_24' title='bbox 385 441 614 493; x_wconf 88' lang='lat' dir='ltr'>nomen,</span> <span class='ocrx_word' id='word_1_25' title='bbox 635 429 760 480; x_wconf 90' lang='lat' dir='ltr'>tum</span> <span class='ocrx_word' id='word_1_26' title='bbox 790 422 1061 480; x_wconf 89' lang='lat' dir='ltr'>ultimum</span> <span class='ocrx_word' id='word_1_27' title='bbox 1097 428 1157 479; x_wconf 91' lang='lat' dir='ltr'>et</span> <span class='ocrx_word' id='word_1_28' title='bbox 1190 421 1531 479; x_wconf 88' lang='lat' dir='ltr'>altissimum</span> <span class='ocrx_word' id='word_1_29' title='bbox 1562 428 1734 498; x_wconf 89' lang='lat' dir='ltr'>atque</span> <span class='ocrx_word' id='word_1_30' title='bbox 1766 420 1930 478; x_wconf 90' lang='lat' dir='ltr'>undi-</span> 
     </span>
     <span class='ocr_line' id='line_1_5' title="bbox 240 501 1930 582; baseline -0.003 -20"><span class='ocrx_word' id='word_1_31' title='bbox 240 523 354 582; x_wconf 93' lang='lat' dir='ltr'>que</span> <span class='ocrx_word' id='word_1_32' title='bbox 381 503 793 561; x_wconf 85' lang='lat' dir='ltr'>circumfusum</span> <span class='ocrx_word' id='word_1_33' title='bbox 823 508 882 560; x_wconf 88' lang='lat' dir='ltr'>et</span> <span class='ocrx_word' id='word_1_34' title='bbox 909 508 1231 559; x_wconf 86' lang='lat' dir='ltr'>extremum</span> <span class='ocrx_word' id='word_1_35' title='bbox 1267 501 1464 559; x_wconf 89' lang='lat' dir='ltr'>omnia</span> <span class='ocrx_word' id='word_1_36' title='bbox 1490 501 1819 576; x_wconf 79' lang='lat' dir='ltr'><strong>cingentem</strong></span> <span class='ocrx_word' id='word_1_37' title='bbox 1848 513 1930 557; x_wconf 87' lang='lat' dir='ltr'>at-</span> 
     </span>
     <span class='ocr_line' id='line_1_6' title="bbox 240 581 1931 662; baseline -0.002 -21"><span class='ocrx_word' id='word_1_38' title='bbox 240 603 354 662; x_wconf 92' lang='lat' dir='ltr'>que</span> <span class='ocrx_word' id='word_1_39' title='bbox 383 582 744 660; x_wconf 86' lang='lat' dir='ltr'>complexum</span> <span class='ocrx_word' id='word_1_40' title='bbox 776 581 1056 650; x_wconf 85' lang='lat' dir='ltr'>ardorem,</span> <span class='ocrx_word' id='word_1_41' title='bbox 1082 581 1183 658; x_wconf 89' lang='lat' dir='ltr'>qui</span> <span class='ocrx_word' id='word_1_42' title='bbox 1216 581 1414 638; x_wconf 83' lang='lat' dir='ltr'>aether</span> <span class='ocrx_word' id='word_1_43' title='bbox 1446 582 1790 650; x_wconf 89' lang='lat' dir='ltr'>nominetur,</span> <span class='ocrx_word' id='word_1_44' title='bbox 1816 599 1931 638; x_wconf 84' lang='lat' dir='ltr'>eer-</span> 
     </span>
     <span class='ocr_line' id='line_1_7' title="bbox 237 660 1931 739; baseline -0.002 -18"><span class='ocrx_word' id='word_1_45' title='bbox 237 664 528 722; x_wconf 89' lang='lat' dir='ltr'>tissimum</span> <span class='ocrx_word' id='word_1_46' title='bbox 547 662 720 720; x_wconf 90' lang='lat' dir='ltr'>deum</span> <span class='ocrx_word' id='word_1_47' title='bbox 737 661 970 720; x_wconf 82' lang='lat' dir='ltr'>iudicat.</span> <span class='ocrx_word' id='word_1_48' title='bbox 1035 661 1196 723; x_wconf 85' lang='lat' dir='ltr'><strong>Idem</strong></span> <span class='ocrx_word' id='word_1_49' title='bbox 1204 680 1315 738; x_wconf 89' lang='lat' dir='ltr'>que</span> <span class='ocrx_word' id='word_1_50' title='bbox 1334 662 1493 739; x_wconf 85' lang='lat' dir='ltr'>quasi</span> <span class='ocrx_word' id='word_1_51' title='bbox 1516 661 1763 718; x_wconf 72' lang='lat' dir='ltr'>delirans</span> <span class='ocrx_word' id='word_1_52' title='bbox 1783 660 1841 716; x_wconf 94' lang='lat' dir='ltr'>in</span> <span class='ocrx_word' id='word_1_53' title='bbox 1857 660 1931 717; x_wconf 85' lang='lat' dir='ltr'>iis</span> 
     </span>
     <span class='ocr_line' id='line_1_8' title="bbox 238 738 1931 819; baseline -0.003 -18"><span class='ocrx_word' id='word_1_54' title='bbox 238 743 417 815; x_wconf 81' lang='lat' dir='ltr'>libris,</span> <span class='ocrx_word' id='word_1_55' title='bbox 443 761 588 817; x_wconf 86' lang='lat' dir='ltr'>quos</span> <span class='ocrx_word' id='word_1_56' title='bbox 607 742 834 819; x_wconf 78' lang='lat' dir='ltr'>scripsit</span> <span class='ocrx_word' id='word_1_57' title='bbox 849 748 1050 800; x_wconf 89' lang='lat' dir='ltr'>contra</span> <span class='ocrx_word' id='word_1_58' title='bbox 1065 740 1440 818; x_wconf 88' lang='lat' dir='ltr'>voluptatem,</span> <span class='ocrx_word' id='word_1_59' title='bbox 1464 748 1589 799; x_wconf 89' lang='lat' dir='ltr'>tum</span> <span class='ocrx_word' id='word_1_60' title='bbox 1620 738 1789 816; x_wconf 82' lang='lat' dir='ltr'>fingit</span> <span class='ocrx_word' id='word_1_61' title='bbox 1816 740 1931 797; x_wconf 85' lang='lat' dir='ltr'>for-</span> 
     </span>
     <span class='ocr_line' id='line_1_9' title="bbox 245 819 1929 899; baseline -0.002 -19"><span class='ocrx_word' id='word_1_62' title='bbox 245 843 397 881; x_wconf 88' lang='lat' dir='ltr'>mam</span> <span class='ocrx_word' id='word_1_63' title='bbox 445 822 730 899; x_wconf 87' lang='lat' dir='ltr'>quandam</span> <span class='ocrx_word' id='word_1_64' title='bbox 766 827 826 879; x_wconf 93' lang='lat' dir='ltr'>et</span> <span class='ocrx_word' id='word_1_65' title='bbox 854 821 1103 899; x_wconf 87' lang='lat' dir='ltr'>speciem</span> <span class='ocrx_word' id='word_1_66' title='bbox 1132 821 1390 892; x_wconf 90' lang='lat' dir='ltr'>deorum,</span> <span class='ocrx_word' id='word_1_67' title='bbox 1410 829 1536 878; x_wconf 90' lang='lat' dir='ltr'>tum</span> <span class='ocrx_word' id='word_1_68' title='bbox 1566 819 1929 877; x_wconf 81' lang='lat' dir='ltr'>divinitatem</span> 
     </span>
     <span class='ocr_line' id='line_1_10' title="bbox 241 901 1930 972; baseline -0.002 -13"><span class='ocrx_word' id='word_1_69' title='bbox 241 921 475 959; x_wconf 89' lang='lat' dir='ltr'>omnem</span> <span class='ocrx_word' id='word_1_70' title='bbox 509 902 716 959; x_wconf 87' lang='lat' dir='ltr'>tribuit</span> <span class='ocrx_word' id='word_1_71' title='bbox 755 901 935 972; x_wconf 87' lang='lat' dir='ltr'>astris,</span> <span class='ocrx_word' id='word_1_72' title='bbox 959 907 1086 958; x_wconf 86' lang='lat' dir='ltr'>tum</span> <span class='ocrx_word' id='word_1_73' title='bbox 1130 901 1275 958; x_wconf 87' lang='lat' dir='ltr'>nihil</span> <span class='ocrx_word' id='word_1_74' title='bbox 1318 901 1541 958; x_wconf 86' lang='lat' dir='ltr'>ratione</span> <span class='ocrx_word' id='word_1_75' title='bbox 1582 906 1776 958; x_wconf 85' lang='lat' dir='ltr'>censet</span> <span class='ocrx_word' id='word_1_76' title='bbox 1808 918 1930 957; x_wconf 88' lang='lat' dir='ltr'>esse</span> 
     </span>
     <span class='ocr_line' id='line_1_11' title="bbox 239 979 1931 1058; baseline -0.002 -19"><span class='ocrx_word' id='word_1_77' title='bbox 239 982 511 1040; x_wconf 79' lang='lat' dir='ltr'>divinius,</span> <span class='ocrx_word' id='word_1_78' title='bbox 598 981 692 1040; x_wconf 88' lang='lat' dir='ltr'>Ita</span> <span class='ocrx_word' id='word_1_79' title='bbox 717 980 785 1039; x_wconf 83' lang='lat' dir='ltr'>fit</span> <span class='ocrx_word' id='word_1_80' title='bbox 811 988 879 1038; x_wconf 88' lang='lat' dir='ltr'>ut</span> <span class='ocrx_word' id='word_1_81' title='bbox 905 981 1048 1039; x_wconf 88' lang='lat' dir='ltr'>deus</span> <span class='ocrx_word' id='word_1_82' title='bbox 1073 980 1187 1051; x_wconf 90' lang='lat' dir='ltr'>ille,</span> <span class='ocrx_word' id='word_1_83' title='bbox 1212 1000 1384 1058; x_wconf 89' lang='lat' dir='ltr'>quem</span> <span class='ocrx_word' id='word_1_84' title='bbox 1416 987 1611 1038; x_wconf 86' lang='lat' dir='ltr'>mente</span> <span class='ocrx_word' id='word_1_85' title='bbox 1639 979 1931 1037; x_wconf 82' lang='lat' dir='ltr'>noscimus</span> 
     </span>
     <span class='ocr_line' id='line_1_12' title="bbox 239 1060 1931 1139; baseline -0.002 -19"><span class='ocrx_word' id='word_1_86' title='bbox 239 1069 414 1139; x_wconf 86' lang='lat' dir='ltr'>atque</span> <span class='ocrx_word' id='word_1_87' title='bbox 435 1062 498 1120; x_wconf 92' lang='lat' dir='ltr'>in</span> <span class='ocrx_word' id='word_1_88' title='bbox 524 1061 704 1119; x_wconf 87' lang='lat' dir='ltr'>animi</span> <span class='ocrx_word' id='word_1_89' title='bbox 731 1062 966 1120; x_wconf 89' lang='lat' dir='ltr'>notione</span> <span class='ocrx_word' id='word_1_90' title='bbox 995 1067 1288 1139; x_wconf 86' lang='lat' dir='ltr'>tamquam</span> <span class='ocrx_word' id='word_1_91' title='bbox 1318 1061 1378 1118; x_wconf 86' lang='lat' dir='ltr'>in</span> <span class='ocrx_word' id='word_1_92' title='bbox 1400 1060 1645 1138; x_wconf 86' lang='lat' dir='ltr'>vestigio</span> <span class='ocrx_word' id='word_1_93' title='bbox 1665 1060 1931 1118; x_wconf 84' lang='lat' dir='ltr'>volumus</span> 
     </span>
     <span class='ocr_line' id='line_1_13' title="bbox 239 1148 1415 1220; baseline -0.002 -20"><span class='ocrx_word' id='word_1_94' title='bbox 239 1161 534 1220; x_wconf 82' lang='lat' dir='ltr'>reponere,</span> <span class='ocrx_word' id='word_1_95' title='bbox 557 1161 840 1219; x_wconf 84' lang='lat' dir='ltr'>nusquam</span> <span class='ocrx_word' id='word_1_96' title='bbox 870 1161 1103 1218; x_wconf 88' lang='lat' dir='ltr'>prorsus</span> <span class='ocrx_word' id='word_1_97' title='bbox 1130 1148 1415 1219; x_wconf 80' lang='lat' dir='ltr'>appareat.</span> 
     </span>
    </p>

    <p class='ocr_par' dir='ltr' id='par_1_3' title="bbox 241 1219 1987 3297">
     <span class='ocr_line' id='line_1_14' title="bbox 322 1219 1927 1292; baseline -0.002 -12"><span class='ocrx_word' id='word_1_98' title='bbox 322 1223 460 1287; x_wconf 89' lang='lat' dir='ltr'>XV.</span> <span class='ocrx_word' id='word_1_99' title='bbox 546 1228 639 1280; x_wconf 87' lang='grc'>38.</span> <span class='ocrx_word' id='word_1_100' title='bbox 682 1222 770 1280; x_wconf 87' lang='lat' dir='ltr'>At</span> <span class='ocrx_word' id='word_1_101' title='bbox 797 1221 1090 1292; x_wconf 76' lang='lat' dir='ltr'>PersaeuS,</span> <span class='ocrx_word' id='word_1_102' title='bbox 1116 1220 1371 1279; x_wconf 86' lang='lat' dir='ltr'>eiusdem</span> <span class='ocrx_word' id='word_1_103' title='bbox 1400 1220 1647 1279; x_wconf 85' lang='lat' dir='ltr'>Zenonis</span> <span class='ocrx_word' id='word_1_104' title='bbox 1679 1219 1927 1292; x_wconf 80' lang='lat' dir='ltr'>auditor,</span> 
     </span>
     <span class='ocr_line' id='line_1_15' title="bbox 241 1300 1929 1378; baseline -0.001 -18"><span class='ocrx_word' id='word_1_105' title='bbox 241 1322 343 1361; x_wconf 87' lang='lat' dir='ltr'>eos</span> <span class='ocrx_word' id='word_1_106' title='bbox 375 1303 520 1361; x_wconf 91' lang='lat' dir='ltr'>dicit</span> <span class='ocrx_word' id='word_1_107' title='bbox 549 1321 673 1361; x_wconf 85' lang='lat' dir='ltr'>esse</span> <span class='ocrx_word' id='word_1_108' title='bbox 705 1301 936 1360; x_wconf 87' lang='lat' dir='ltr'>habitos</span> <span class='ocrx_word' id='word_1_109' title='bbox 969 1301 1125 1374; x_wconf 88' lang='lat' dir='ltr'>deos,</span> <span class='ocrx_word' id='word_1_110' title='bbox 1156 1321 1191 1358; x_wconf 98' lang='lat' dir='ltr'>a</span> <span class='ocrx_word' id='word_1_111' title='bbox 1224 1301 1432 1378; x_wconf 87' lang='lat' dir='ltr'>quibus</span> <span class='ocrx_word' id='word_1_112' title='bbox 1464 1319 1677 1377; x_wconf 82' lang='lat' dir='ltr'>magna</span> <span class='ocrx_word' id='word_1_113' title='bbox 1709 1300 1929 1358; x_wconf 85' lang='lat' dir='ltr'>utilitas</span> 
     </span>
     <span class='ocr_line' id='line_1_16' title="bbox 242 1380 1930 1459; baseline -0.002 -17"><span class='ocrx_word' id='word_1_114' title='bbox 242 1383 320 1442; x_wconf 85' lang='lat' dir='ltr'>ad</span> <span class='ocrx_word' id='word_1_115' title='bbox 348 1383 498 1440; x_wconf 87' lang='lat' dir='ltr'>vitae</span> <span class='ocrx_word' id='word_1_116' title='bbox 529 1383 748 1440; x_wconf 85' lang='lat' dir='ltr'>cultum</span> <span class='ocrx_word' id='word_1_117' title='bbox 785 1388 934 1440; x_wconf 88' lang='lat' dir='ltr'>esset</span> <span class='ocrx_word' id='word_1_118' title='bbox 964 1381 1215 1452; x_wconf 88' lang='lat' dir='ltr'>inventa,</span> <span class='ocrx_word' id='word_1_119' title='bbox 1247 1382 1513 1459; x_wconf 89' lang='lat' dir='ltr'>ipsasque</span> <span class='ocrx_word' id='word_1_120' title='bbox 1544 1400 1635 1438; x_wconf 88' lang='lat' dir='ltr'>res</span> <span class='ocrx_word' id='word_1_121' title='bbox 1667 1380 1838 1438; x_wconf 86' lang='lat' dir='ltr'>utiles</span> <span class='ocrx_word' id='word_1_122' title='bbox 1870 1387 1930 1438; x_wconf 89' lang='lat' dir='ltr'>et</span> 
     </span>
     <span class='ocr_line' id='line_1_17' title="bbox 243 1460 1929 1540; baseline -0.002 -19"><span class='ocrx_word' id='word_1_123' title='bbox 243 1463 518 1521; x_wconf 86' lang='lat' dir='ltr'>salutares</span> <span class='ocrx_word' id='word_1_124' title='bbox 557 1462 796 1521; x_wconf 88' lang='lat' dir='ltr'>deorum</span> <span class='ocrx_word' id='word_1_125' title='bbox 842 1481 964 1520; x_wconf 85' lang='lat' dir='ltr'>esse</span> <span class='ocrx_word' id='word_1_126' title='bbox 1004 1460 1299 1520; x_wconf 83' lang='lat' dir='ltr'>vocabulis</span> <span class='ocrx_word' id='word_1_127' title='bbox 1341 1467 1717 1540; x_wconf 79' lang='lat' dir='ltr'>nuncupatae,</span> <span class='ocrx_word' id='word_1_128' title='bbox 1747 1467 1815 1518; x_wconf 92' lang='lat' dir='ltr'>ut</span> <span class='ocrx_word' id='word_1_129' title='bbox 1856 1479 1929 1518; x_wconf 93' lang='lat' dir='ltr'>ne</span> 
     </span>
     <span class='ocr_line' id='line_1_18' title="bbox 243 1540 1929 1621; baseline -0.003 -19"><span class='ocrx_word' id='word_1_130' title='bbox 243 1543 356 1602; x_wconf 93' lang='lat' dir='ltr'>hoc</span> <span class='ocrx_word' id='word_1_131' title='bbox 379 1542 612 1621; x_wconf 90' lang='lat' dir='ltr'>quidem</span> <span class='ocrx_word' id='word_1_132' title='bbox 641 1542 860 1601; x_wconf 89' lang='lat' dir='ltr'>diceret</span> <span class='ocrx_word' id='word_1_133' title='bbox 887 1541 985 1599; x_wconf 87' lang='lat' dir='ltr'>illa</span> <span class='ocrx_word' id='word_1_134' title='bbox 1004 1542 1240 1600; x_wconf 85' lang='lat' dir='ltr'>inventa</span> <span class='ocrx_word' id='word_1_135' title='bbox 1260 1561 1381 1599; x_wconf 88' lang='lat' dir='ltr'>esse</span> <span class='ocrx_word' id='word_1_136' title='bbox 1402 1542 1660 1613; x_wconf 89' lang='lat' dir='ltr'>deorum,</span> <span class='ocrx_word' id='word_1_137' title='bbox 1682 1540 1783 1598; x_wconf 85' lang='lat' dir='ltr'>sed</span> <span class='ocrx_word' id='word_1_138' title='bbox 1804 1541 1929 1617; x_wconf 87' lang='lat' dir='ltr'>ipsa</span> 
     </span>
     <span class='ocr_line' id='line_1_19' title="bbox 244 1620 1929 1700; baseline -0.002 -19"><span class='ocrx_word' id='word_1_139' title='bbox 244 1623 456 1682; x_wconf 87' lang='lat' dir='ltr'>divina.</span> <span class='ocrx_word' id='word_1_140' title='bbox 534 1622 664 1693; x_wconf 80' lang='lat' dir='ltr'>Quo</span> <span class='ocrx_word' id='word_1_141' title='bbox 694 1623 836 1700; x_wconf 91' lang='lat' dir='ltr'>quid</span> <span class='ocrx_word' id='word_1_142' title='bbox 868 1621 1172 1680; x_wconf 83' lang='lat' dir='ltr'>absurdius</span> <span class='ocrx_word' id='word_1_143' title='bbox 1200 1641 1371 1699; x_wconf 86' lang='lat' dir='ltr'>quam</span> <span class='ocrx_word' id='word_1_144' title='bbox 1406 1628 1507 1680; x_wconf 86' lang='lat' dir='ltr'>aut</span> <span class='ocrx_word' id='word_1_145' title='bbox 1538 1640 1628 1678; x_wconf 87' lang='lat' dir='ltr'>res</span> <span class='ocrx_word' id='word_1_146' title='bbox 1669 1620 1929 1678; x_wconf 85' lang='lat' dir='ltr'>sordidas</span> 
     </span>
     <span class='ocr_line' id='line_1_20' title="bbox 245 1700 1929 1783; baseline -0.003 -22"><span class='ocrx_word' id='word_1_147' title='bbox 245 1711 418 1783; x_wconf 89' lang='lat' dir='ltr'>atque</span> <span class='ocrx_word' id='word_1_148' title='bbox 447 1703 740 1760; x_wconf 86' lang='lat' dir='ltr'>deformes</span> <span class='ocrx_word' id='word_1_149' title='bbox 767 1703 1006 1761; x_wconf 90' lang='lat' dir='ltr'>deorum</span> <span class='ocrx_word' id='word_1_150' title='bbox 1028 1701 1247 1760; x_wconf 86' lang='lat' dir='ltr'>honore</span> <span class='ocrx_word' id='word_1_151' title='bbox 1275 1701 1516 1759; x_wconf 83' lang='lat' dir='ltr'>adficere</span> <span class='ocrx_word' id='word_1_152' title='bbox 1544 1708 1645 1759; x_wconf 89' lang='lat' dir='ltr'>aut</span> <span class='ocrx_word' id='word_1_153' title='bbox 1665 1700 1929 1758; x_wconf 87' lang='lat' dir='ltr'>homines</span> 
     </span>
     <span class='ocr_line' id='line_1_21' title="bbox 245 1782 1929 1860; baseline -0.003 -18"><span class='ocrx_word' id='word_1_154' title='bbox 245 1786 359 1842; x_wconf 85' lang='lat' dir='ltr'>iam</span> <span class='ocrx_word' id='word_1_155' title='bbox 397 1791 583 1843; x_wconf 89' lang='lat' dir='ltr'>morte</span> <span class='ocrx_word' id='word_1_156' title='bbox 616 1783 836 1842; x_wconf 88' lang='lat' dir='ltr'>deletos</span> <span class='ocrx_word' id='word_1_157' title='bbox 867 1802 1143 1860; x_wconf 82' lang='lat' dir='ltr'>reponere</span> <span class='ocrx_word' id='word_1_158' title='bbox 1175 1783 1235 1840; x_wconf 91' lang='lat' dir='ltr'>in</span> <span class='ocrx_word' id='word_1_159' title='bbox 1272 1782 1428 1853; x_wconf 88' lang='lat' dir='ltr'>deos,</span> <span class='ocrx_word' id='word_1_160' title='bbox 1460 1800 1704 1859; x_wconf 89' lang='lat' dir='ltr'>quorum</span> <span class='ocrx_word' id='word_1_161' title='bbox 1740 1782 1929 1838; x_wconf 88' lang='lat' dir='ltr'>omnis</span> 
     </span>
     <span class='ocr_line' id='line_1_22' title="bbox 247 1860 1930 1937; baseline -0.004 -14"><span class='ocrx_word' id='word_1_162' title='bbox 247 1864 434 1923; x_wconf 86' lang='lat' dir='ltr'>cultus</span> <span class='ocrx_word' id='word_1_163' title='bbox 467 1870 616 1922; x_wconf 88' lang='lat' dir='ltr'>esset</span> <span class='ocrx_word' id='word_1_164' title='bbox 647 1864 878 1921; x_wconf 86' lang='lat' dir='ltr'>futurus</span> <span class='ocrx_word' id='word_1_165' title='bbox 911 1864 971 1919; x_wconf 88' lang='lat' dir='ltr'>in</span> <span class='ocrx_word' id='word_1_166' title='bbox 1004 1862 1203 1921; x_wconf 65' lang='lat' dir='ltr'>luctu?</span> <span class='ocrx_word' id='word_1_167' title='bbox 1284 1868 1377 1920; x_wconf 87' lang='lat'>39.</span> <span class='ocrx_word' id='word_1_168' title='bbox 1426 1862 1549 1919; x_wconf 90' lang='lat' dir='ltr'>Iam</span> <span class='ocrx_word' id='word_1_169' title='bbox 1580 1880 1714 1919; x_wconf 85' lang='lat' dir='ltr'>vero</span> <span class='ocrx_word' id='word_1_170' title='bbox 1748 1860 1930 1937; x_wconf 84' lang='lat' dir='ltr'>Chry-</span> 
     </span>
     <span class='ocr_line' id='line_1_23' title="bbox 247 1940 1979 2023; baseline -0.002 -21"><span class='ocrx_word' id='word_1_171' title='bbox 247 1945 466 2023; x_wconf 79' lang='lat' dir='ltr'>sippuS,</span> <span class='ocrx_word' id='word_1_172' title='bbox 496 1944 598 2021; x_wconf 86' lang='lat' dir='ltr'>qui</span> <span class='ocrx_word' id='word_1_173' title='bbox 637 1944 964 2002; x_wconf 87' lang='lat' dir='ltr'>Stoicorum</span> <span class='ocrx_word' id='word_1_174' title='bbox 999 1943 1358 2000; x_wconf 88' lang='lat' dir='ltr'>somniorum</span> <span class='ocrx_word' id='word_1_175' title='bbox 1390 1941 1729 1999; x_wconf 84' lang='lat' dir='ltr'>vaferrimus</span> <span class='ocrx_word' id='word_1_176' title='bbox 1760 1940 1930 1999; x_wconf 86' lang='lat' dir='ltr'>habe-</span> <span class='ocrx_word' id='word_1_177' title='bbox 1974 1966 1979 1971; x_wconf 93' lang='lat'><strong>·</strong></span> 
     </span>
     <span class='ocr_line' id='line_1_24' title="bbox 245 2022 1927 2101; baseline -0.005 -15"><span class='ocrx_word' id='word_1_178' title='bbox 245 2032 345 2086; x_wconf 83' lang='lat' dir='ltr'>tur</span> <span class='ocrx_word' id='word_1_179' title='bbox 369 2026 664 2101; x_wconf 71' lang='lat' dir='ltr'>intel-pree,</span> <span class='ocrx_word' id='word_1_180' title='bbox 694 2042 962 2101; x_wconf 85' lang='lat' dir='ltr'>magnam</span> <span class='ocrx_word' id='word_1_181' title='bbox 992 2022 1223 2080; x_wconf 87' lang='lat' dir='ltr'>turbam</span> <span class='ocrx_word' id='word_1_182' title='bbox 1256 2028 1569 2099; x_wconf 84' lang='lat' dir='ltr'>congregat</span> <span class='ocrx_word' id='word_1_183' title='bbox 1596 2022 1927 2098; x_wconf 82' lang='lat' dir='ltr'>ignotorum</span> 
     </span>
     <span class='ocr_line' id='line_1_25' title="bbox 249 2100 1932 2181; baseline -0.002 -19"><span class='ocrx_word' id='word_1_184' title='bbox 249 2106 490 2163; x_wconf 89' lang='lat' dir='ltr'>deorum</span> <span class='ocrx_word' id='word_1_185' title='bbox 532 2110 704 2181; x_wconf 86' lang='lat' dir='ltr'>atque</span> <span class='ocrx_word' id='word_1_186' title='bbox 743 2104 830 2161; x_wconf 88' lang='lat' dir='ltr'>ita</span> <span class='ocrx_word' id='word_1_187' title='bbox 867 2103 1222 2181; x_wconf 86' lang='lat' dir='ltr'>ignotorum,</span> <span class='ocrx_word' id='word_1_188' title='bbox 1244 2108 1311 2159; x_wconf 90' lang='lat' dir='ltr'>ut</span> <span class='ocrx_word' id='word_1_189' title='bbox 1352 2121 1453 2159; x_wconf 88' lang='lat' dir='ltr'>eos</span> <span class='ocrx_word' id='word_1_190' title='bbox 1492 2120 1565 2158; x_wconf 92' lang='lat' dir='ltr'>ne</span> <span class='ocrx_word' id='word_1_191' title='bbox 1603 2100 1932 2159; x_wconf 83' lang='lat' dir='ltr'>coniectura</span> 
     </span>
     <span class='ocr_line' id='line_1_26' title="bbox 249 2180 1930 2263; baseline -0.002 -21"><span class='ocrx_word' id='word_1_192' title='bbox 249 2184 486 2263; x_wconf 85' lang='lat' dir='ltr'>quidem</span> <span class='ocrx_word' id='word_1_193' title='bbox 513 2184 826 2241; x_wconf 87' lang='lat' dir='ltr'>informare</span> <span class='ocrx_word' id='word_1_194' title='bbox 852 2182 1156 2260; x_wconf 77' lang='lat' dir='ltr'>possimuS‚</span> <span class='ocrx_word' id='word_1_195' title='bbox 1177 2201 1308 2239; x_wconf 90' lang='lat' dir='ltr'>cum</span> <span class='ocrx_word' id='word_1_196' title='bbox 1341 2200 1507 2239; x_wconf 88' lang='lat' dir='ltr'>mens</span> <span class='ocrx_word' id='word_1_197' title='bbox 1538 2188 1736 2239; x_wconf 88' lang='lat' dir='ltr'>nostra</span> <span class='ocrx_word' id='word_1_198' title='bbox 1768 2180 1930 2258; x_wconf 87' lang='lat' dir='ltr'>quid-</span> 
     </span>
     <span class='ocr_line' id='line_1_27' title="bbox 245 2261 1928 2342; baseline -0.002 -20"><span class='ocrx_word' id='word_1_199' title='bbox 245 2266 336 2323; x_wconf 87' lang='lat' dir='ltr'>vis</span> <span class='ocrx_word' id='word_1_200' title='bbox 363 2264 626 2322; x_wconf 79' lang='lat' dir='ltr'>videatur</span> <span class='ocrx_word' id='word_1_201' title='bbox 651 2264 1004 2342; x_wconf 84' lang='lat' dir='ltr'>cogitatione</span> <span class='ocrx_word' id='word_1_202' title='bbox 1033 2282 1201 2341; x_wconf 88' lang='lat' dir='ltr'>posse</span> <span class='ocrx_word' id='word_1_203' title='bbox 1229 2262 1554 2341; x_wconf 83' lang='lat' dir='ltr'>depingere.</span> <span class='ocrx_word' id='word_1_204' title='bbox 1638 2261 1746 2319; x_wconf 86' lang='lat' dir='ltr'>Ait</span> <span class='ocrx_word' id='word_1_205' title='bbox 1773 2262 1928 2340; x_wconf 86' lang='lat' dir='ltr'>enim</span> 
     </span>
     <span class='ocr_line' id='line_1_28' title="bbox 247 2342 1931 2420; baseline -0.002 -18"><span class='ocrx_word' id='word_1_206' title='bbox 247 2346 367 2402; x_wconf 82' lang='lat' dir='ltr'>vim</span> <span class='ocrx_word' id='word_1_207' title='bbox 408 2344 662 2402; x_wconf 85' lang='lat' dir='ltr'>divinam</span> <span class='ocrx_word' id='word_1_208' title='bbox 708 2344 770 2401; x_wconf 93' lang='lat' dir='ltr'>in</span> <span class='ocrx_word' id='word_1_209' title='bbox 814 2344 1036 2402; x_wconf 88' lang='lat' dir='ltr'>ratione</span> <span class='ocrx_word' id='word_1_210' title='bbox 1081 2362 1203 2401; x_wconf 92' lang='lat' dir='ltr'>esse</span> <span class='ocrx_word' id='word_1_211' title='bbox 1243 2343 1495 2420; x_wconf 81' lang='lat' dir='ltr'>positam</span> <span class='ocrx_word' id='word_1_212' title='bbox 1535 2348 1594 2400; x_wconf 86' lang='lat' dir='ltr'>et</span> <span class='ocrx_word' id='word_1_213' title='bbox 1634 2342 1931 2399; x_wconf 87' lang='lat' dir='ltr'>universae</span> 
     </span>
     <span class='ocr_line' id='line_1_29' title="bbox 249 2420 1987 2501; baseline -0.002 -19"><span class='ocrx_word' id='word_1_214' title='bbox 249 2432 484 2482; x_wconf 86' lang='lat' dir='ltr'>naturae</span> <span class='ocrx_word' id='word_1_215' title='bbox 505 2424 701 2481; x_wconf 88' lang='lat' dir='ltr'>animo</span> <span class='ocrx_word' id='word_1_216' title='bbox 718 2431 890 2501; x_wconf 89' lang='lat' dir='ltr'>atque</span> <span class='ocrx_word' id='word_1_217' title='bbox 908 2430 1119 2495; x_wconf 87' lang='lat' dir='ltr'>mente,</span> <span class='ocrx_word' id='word_1_218' title='bbox 1134 2424 1439 2501; x_wconf 90' lang='lat' dir='ltr'>ipsumque</span> <span class='ocrx_word' id='word_1_219' title='bbox 1453 2420 1738 2480; x_wconf 87' lang='lat' dir='ltr'>mundum</span> <span class='ocrx_word' id='word_1_220' title='bbox 1757 2422 1926 2479; x_wconf 90' lang='lat' dir='ltr'>deum</span> <span class='ocrx_word' id='word_1_221' title='bbox 1982 2420 1987 2425; x_wconf 76' lang='grc'><em>’</em></span> 
     </span>
     <span class='ocr_line' id='line_1_30' title="bbox 249 2502 1931 2574; baseline -0.002 -12"><span class='ocrx_word' id='word_1_222' title='bbox 249 2506 394 2562; x_wconf 90' lang='lat' dir='ltr'>dicit</span> <span class='ocrx_word' id='word_1_223' title='bbox 413 2523 534 2561; x_wconf 87' lang='lat' dir='ltr'>esse</span> <span class='ocrx_word' id='word_1_224' title='bbox 557 2510 615 2561; x_wconf 91' lang='lat' dir='ltr'>et</span> <span class='ocrx_word' id='word_1_225' title='bbox 636 2504 759 2561; x_wconf 88' lang='lat' dir='ltr'>eius</span> <span class='ocrx_word' id='word_1_226' title='bbox 785 2504 965 2561; x_wconf 88' lang='lat' dir='ltr'>animi</span> <span class='ocrx_word' id='word_1_227' title='bbox 983 2504 1274 2561; x_wconf 82' lang='lat' dir='ltr'>fusionem</span> <span class='ocrx_word' id='word_1_228' title='bbox 1297 2504 1635 2574; x_wconf 88' lang='lat' dir='ltr'>universam,</span> <span class='ocrx_word' id='word_1_229' title='bbox 1659 2509 1787 2560; x_wconf 89' lang='lat' dir='ltr'>tum</span> <span class='ocrx_word' id='word_1_230' title='bbox 1809 2502 1931 2559; x_wconf 90' lang='lat' dir='ltr'>eius</span> 
     </span>
     <span class='ocr_line' id='line_1_31' title="bbox 249 2583 1927 2662; baseline -0.002 -21"><span class='ocrx_word' id='word_1_231' title='bbox 249 2584 430 2662; x_wconf 85' lang='lat' dir='ltr'>ipsius</span> <span class='ocrx_word' id='word_1_232' title='bbox 458 2584 861 2661; x_wconf 86' lang='lat' dir='ltr'>principat-um,</span> <span class='ocrx_word' id='word_1_233' title='bbox 887 2584 986 2661; x_wconf 88' lang='lat' dir='ltr'>qui</span> <span class='ocrx_word' id='word_1_234' title='bbox 1014 2584 1074 2641; x_wconf 90' lang='lat' dir='ltr'>in</span> <span class='ocrx_word' id='word_1_235' title='bbox 1102 2590 1297 2641; x_wconf 87' lang='lat' dir='ltr'>mente</span> <span class='ocrx_word' id='word_1_236' title='bbox 1324 2589 1383 2641; x_wconf 92' lang='lat' dir='ltr'>et</span> <span class='ocrx_word' id='word_1_237' title='bbox 1410 2583 1631 2640; x_wconf 89' lang='lat' dir='ltr'>ratione</span> <span class='ocrx_word' id='word_1_238' title='bbox 1658 2588 1927 2652; x_wconf 83' lang='lat' dir='ltr'>versetur,</span> 
     </span>
     <span class='ocr_line' id='line_1_32' title="bbox 250 2663 1932 2741; baseline -0.002 -20"><span class='ocrx_word' id='word_1_239' title='bbox 250 2682 732 2741; x_wconf 80' lang='lat' dir='ltr'>communemque</span> <span class='ocrx_word' id='word_1_240' title='bbox 759 2683 948 2721; x_wconf 90' lang='lat' dir='ltr'>rerum</span> <span class='ocrx_word' id='word_1_241' title='bbox 974 2669 1240 2721; x_wconf 86' lang='lat' dir='ltr'>naturam</span> <span class='ocrx_word' id='word_1_242' title='bbox 1268 2663 1591 2721; x_wconf 87' lang='lat' dir='ltr'>universam</span> <span class='ocrx_word' id='word_1_243' title='bbox 1618 2668 1790 2739; x_wconf 83' lang='lat' dir='ltr'>atque</span> <span class='ocrx_word' id='word_1_244' title='bbox 1813 2681 1932 2718; x_wconf 91' lang='lat' dir='ltr'>om-</span> 
     </span>
     <span class='ocr_line' id='line_1_33' title="bbox 249 2742 1933 2820; baseline -0.001 -20"><span class='ocrx_word' id='word_1_245' title='bbox 249 2744 348 2801; x_wconf 88' lang='lat' dir='ltr'>nia</span> <span class='ocrx_word' id='word_1_246' title='bbox 379 2743 791 2815; x_wconf 88' lang='lat' dir='ltr'>continentem,</span> <span class='ocrx_word' id='word_1_247' title='bbox 822 2750 949 2801; x_wconf 91' lang='lat' dir='ltr'>tum</span> <span class='ocrx_word' id='word_1_248' title='bbox 990 2742 1225 2801; x_wconf 85' lang='lat' dir='ltr'>fatalem</span> <span class='ocrx_word' id='word_1_249' title='bbox 1259 2743 1379 2801; x_wconf 88' lang='lat' dir='ltr'>vim</span> <span class='ocrx_word' id='word_1_250' title='bbox 1416 2742 1601 2820; x_wconf 85' lang='lat' dir='ltr'>ipsam</span> <span class='ocrx_word' id='word_1_251' title='bbox 1644 2750 1704 2801; x_wconf 89' lang='lat' dir='ltr'>et</span> <span class='ocrx_word' id='word_1_252' title='bbox 1744 2761 1933 2799; x_wconf 91' lang='lat' dir='ltr'>neces-</span> 
     </span>
     <span class='ocr_line' id='line_1_34' title="bbox 251 2824 1929 2901; baseline -0.002 -20"><span class='ocrx_word' id='word_1_253' title='bbox 251 2824 483 2881; x_wconf 86' lang='lat' dir='ltr'>sitatem</span> <span class='ocrx_word' id='word_1_254' title='bbox 521 2842 714 2882; x_wconf 89' lang='lat' dir='ltr'>rerum</span> <span class='ocrx_word' id='word_1_255' title='bbox 749 2824 1092 2895; x_wconf 86' lang='lat' dir='ltr'>futurarum,</span> <span class='ocrx_word' id='word_1_256' title='bbox 1123 2824 1318 2901; x_wconf 87' lang='lat' dir='ltr'>ignem</span> <span class='ocrx_word' id='word_1_257' title='bbox 1358 2829 1653 2901; x_wconf 86' lang='lat' dir='ltr'>praeterea</span> <span class='ocrx_word' id='word_1_258' title='bbox 1683 2828 1741 2880; x_wconf 91' lang='lat' dir='ltr'>et</span> <span class='ocrx_word' id='word_1_259' title='bbox 1778 2841 1929 2894; x_wconf 91' lang='lat' dir='ltr'>eum,</span> 
     </span>
     <span class='ocr_line' id='line_1_35' title="bbox 252 2901 1934 2981; baseline 0 -22"><span class='ocrx_word' id='word_1_260' title='bbox 252 2922 426 2981; x_wconf 88' lang='lat' dir='ltr'>quem</span> <span class='ocrx_word' id='word_1_261' title='bbox 467 2909 601 2961; x_wconf 87' lang='lat' dir='ltr'>ante</span> <span class='ocrx_word' id='word_1_262' title='bbox 642 2904 779 2975; x_wconf 88' lang='lat' dir='ltr'>dixi,</span> <span class='ocrx_word' id='word_1_263' title='bbox 809 2903 1055 2975; x_wconf 82' lang='lat' dir='ltr'>aethera,</span> <span class='ocrx_word' id='word_1_264' title='bbox 1085 2910 1214 2961; x_wconf 90' lang='lat' dir='ltr'>tum</span> <span class='ocrx_word' id='word_1_265' title='bbox 1255 2922 1337 2975; x_wconf 83' lang='lat' dir='ltr'>ea,</span> <span class='ocrx_word' id='word_1_266' title='bbox 1370 2922 1513 2979; x_wconf 84' lang='lat' dir='ltr'>quae</span> <span class='ocrx_word' id='word_1_267' title='bbox 1555 2909 1759 2961; x_wconf 88' lang='lat' dir='ltr'>natura</span> <span class='ocrx_word' id='word_1_268' title='bbox 1797 2901 1934 2959; x_wconf 88' lang='lat' dir='ltr'>flue-</span> 
     </span>
     <span class='ocr_line' id='line_1_36' title="bbox 251 2988 1930 3060; baseline -0.001 -19"><span class='ocrx_word' id='word_1_269' title='bbox 251 2989 380 3041; x_wconf 83' lang='lat' dir='ltr'>rent</span> <span class='ocrx_word' id='word_1_270' title='bbox 407 2988 581 3060; x_wconf 85' lang='lat' dir='ltr'>atque</span> <span class='ocrx_word' id='word_1_271' title='bbox 607 2989 922 3055; x_wconf 87' lang='lat' dir='ltr'>manarent,</span> <span class='ocrx_word' id='word_1_272' title='bbox 945 2989 1013 3040; x_wconf 90' lang='lat' dir='ltr'>ut</span> <span class='ocrx_word' id='word_1_273' title='bbox 1039 2990 1098 3041; x_wconf 86' lang='lat' dir='ltr'>ct</span> <span class='ocrx_word' id='word_1_274' title='bbox 1126 3003 1333 3060; x_wconf 85' lang='lat' dir='ltr'>aquam</span> <span class='ocrx_word' id='word_1_275' title='bbox 1362 2990 1420 3041; x_wconf 90' lang='lat' dir='ltr'>et</span> <span class='ocrx_word' id='word_1_276' title='bbox 1440 2990 1647 3040; x_wconf 89' lang='lat' dir='ltr'>terram</span> <span class='ocrx_word' id='word_1_277' title='bbox 1678 2988 1737 3039; x_wconf 91' lang='lat' dir='ltr'>et</span> <span class='ocrx_word' id='word_1_278' title='bbox 1764 2988 1930 3040; x_wconf 68' lang='lat' dir='ltr'>aera:</span> 
     </span>
     <span class='ocr_line' id='line_1_37' title="bbox 252 3062 1933 3140; baseline -0.001 -20"><span class='ocrx_word' id='word_1_279' title='bbox 252 3062 450 3135; x_wconf 88' lang='lat' dir='ltr'>solem,</span> <span class='ocrx_word' id='word_1_280' title='bbox 484 3063 699 3134; x_wconf 86' lang='lat' dir='ltr'>lunam,</span> <span class='ocrx_word' id='word_1_281' title='bbox 743 3063 930 3120; x_wconf 86' lang='lat' dir='ltr'>sidera</span> <span class='ocrx_word' id='word_1_282' title='bbox 981 3064 1523 3139; x_wconf 86' lang='lat' dir='ltr'>universitatemque</span> <span class='ocrx_word' id='word_1_283' title='bbox 1578 3080 1784 3133; x_wconf 89' lang='lat' dir='ltr'>rerum,</span> <span class='ocrx_word' id='word_1_284' title='bbox 1822 3080 1933 3140; x_wconf 90' lang='lat' dir='ltr'>qua</span> 
     </span>
     <span class='ocr_line' id='line_1_38' title="bbox 253 3142 1932 3220; baseline -0.001 -21"><span class='ocrx_word' id='word_1_285' title='bbox 253 3144 450 3200; x_wconf 88' lang='lat' dir='ltr'>omnia</span> <span class='ocrx_word' id='word_1_286' title='bbox 481 3143 926 3216; x_wconf 83' lang='lat' dir='ltr'>continerentur,</span> <span class='ocrx_word' id='word_1_287' title='bbox 957 3150 1129 3220; x_wconf 88' lang='lat' dir='ltr'>atque</span> <span class='ocrx_word' id='word_1_288' title='bbox 1171 3144 1345 3200; x_wconf 85' lang='lat' dir='ltr'>etiam</span> <span class='ocrx_word' id='word_1_289' title='bbox 1386 3142 1651 3199; x_wconf 89' lang='lat' dir='ltr'>homines</span> <span class='ocrx_word' id='word_1_290' title='bbox 1693 3161 1806 3213; x_wconf 80' lang='lat' dir='ltr'>eOS,</span> <span class='ocrx_word' id='word_1_291' title='bbox 1834 3142 1932 3220; x_wconf 91' lang='lat' dir='ltr'>qui</span> 
     </span>
     <span class='ocr_line' id='line_1_39' title="bbox 251 3222 1932 3297; baseline -0.001 -18"><span class='ocrx_word' id='word_1_292' title='bbox 251 3222 744 3281; x_wconf 77' lang='lat' dir='ltr'>immortalitatem</span> <span class='ocrx_word' id='word_1_293' title='bbox 776 3230 965 3281; x_wconf 88' lang='lat' dir='ltr'>essent</span> <span class='ocrx_word' id='word_1_294' title='bbox 991 3223 1301 3281; x_wconf 87' lang='lat' dir='ltr'>consecuti.</span> <span class='ocrx_word' id='word_1_295' title='bbox 1385 3227 1479 3281; x_wconf 90' lang='lat'>40.</span> <span class='ocrx_word' id='word_1_296' title='bbox 1518 3222 1795 3297; x_wconf 89' lang='lat' dir='ltr'>Idemque</span> <span class='ocrx_word' id='word_1_297' title='bbox 1824 3223 1932 3279; x_wconf 87' lang='lat' dir='ltr'>dis-</span> 
     </span>
    </p>
   </div>
   <div class='ocr_carea' id='block_1_3' title="bbox 1674 3358 1707 3391">
    <p class='ocr_par' dir='ltr' id='par_1_4' title="bbox 1674 3358 1707 3391">
     <span class='ocr_line' id='line_1_40' title="bbox 1674 3358 1707 3391; baseline 0 0"><span class='ocrx_word' id='word_1_298' title='bbox 1674 3358 1707 3391; x_wconf 66' lang='grc' dir='ltr'>Ο</span> 
     </span>
    </p>
   </div>
  </div>
 </body>
</html>
