2199 3546
221 110 301 191 'si
495 177 536 187 ..
589 148 592 151 ·
685 144 784 192 DE
820 144 1121 193 NATURA
1156 144 1541 209 DEORUM...ss
1692 155 1697 157 ·

241 248 373 303 106.
411 244 767 323 Paribusque
809 245 989 303 stellis
1031 245 1296 303 similiter
1328 246 1617 305 distinctis
1660 250 1943 316 eumdem?

238 324 376 383 caeli
406 325 675 383 verticem
706 325 909 383 lustrat
938 344 1115 403 parva
1143 326 1459 403 Cynosura.

368 446 483 494 Hac
505 446 668 494 fidunt
691 446 816 495 duce
839 452 1080 495 nocturna
1104 446 1379 495 Phoenices
1403 448 1454 495 in
1481 447 1598 498 alto.

369 511 469 561 Sed
491 511 624 573 prior
645 512 732 559 illa
753 512 914 573 magis
937 511 1090 561 stellis
1115 512 1349 560 distincta
1370 513 1597 576 refulget,

365 577 436 625 Et
457 578 558 625 late
574 577 735 639 prima
755 577 1016 626 confestim
1039 592 1071 625 a
1092 586 1238 627 nocte
1259 577 1481 626 videt-ur:
1540 620 1543 624 .

367 642 509 691 Haec
529 658 646 691 vero
669 658 821 706 parva
842 650 934 704 est,
951 642 1038 691 sed
1061 644 1223 691 nautis
1247 658 1363 691 usus
1388 642 1441 691 in
1464 643 1559 692 hnc
1582 652 1672 695 est.

365 707 501 757 Nam
521 723 669 757 cursu
689 707 922 757 interiore
944 708 1080 757 brevi
1104 708 1404 757 convertitur
1424 710 1559 759 orbe.

233 824 419 963 XLP'
457 826 535 884 Et
576 845 691 905 quo
734 826 811 883 sit
843 844 1033 884 earum
1080 817 1371 884 stellarum
1414 826 1805 886 admirabilior
1845 849 1929 887 as-

233 922 339 983 pec
367 926 451 978 uS,

365 1029 476 1077 Has
497 1027 641 1088 inter,
654 1026 806 1077 veluti
829 1027 1003 1091 rapido
1029 1042 1144 1077 cum
1164 1028 1363 1091 gurgite
1388 1028 1592 1091 flumen,

364 1094 558 1143 Torvus
580 1091 750 1143 Draco
777 1092 929 1157 serpit
951 1094 1120 1142 subter
1142 1108 1413 1157 superaque
1436 1095 1692 1145 revolvens

365 1159 485 1209 Sese
506 1158 870 1223 conficiensque
893 1159 1027 1207 sinus
1051 1174 1078 1207 e
1103 1174 1307 1223 corpore
1329 1160 1502 1211 flexos

235 1275 368 1334 107.
400 1276 541 1335 Eius
569 1296 702 1335 cum
729 1277 910 1335 totius
943 1283 1031 1335 est
1057 1277 1345 1369 praeclara
1373 1278 1606 1357 specieS,
1632 1279 1691 1336 in
1722 1280 1927 1359 primis

231 1358 561 1437 aspicienda
587 1364 675 1416 est
703 1356 886 1434 figura
914 1358 1119 1434 capitis
1147 1364 1319 1433 atque
1348 1359 1519 1415 ardor
1546 1359 1859 1420 oculorum.
1918 1430 1923 1435 β

363 1485 496 1534 Huic
520 1499 621 1533 non
645 1500 744 1533 una
765 1484 917 1533 modo
940 1492 1087 1546 caput
1110 1498 1293 1533 ornans
1316 1484 1459 1533 stella
1480 1484 1681 1547 relucet,

362 1552 573 1599 Verum
581 1561 802 1613 tempora
825 1557 942 1597 sunt
964 1549 1151 1612 duplici
1173 1550 1365 1611 fulgore
1387 1558 1574 1611 notata,

360 1616 407 1664 E
434 1616 754 1679 trucibusque
776 1615 932 1663 oculis
954 1615 1054 1663 duo
1079 1612 1269 1663 fervida
1288 1614 1478 1668 lumina
1497 1615 1711 1677 flagrant

359 1682 532 1744 Atque
555 1696 656 1731 uno
677 1690 903 1729 mentum
926 1680 1138 1729 radianti
1160 1680 1321 1731 sidere
1345 1681 1509 1735 lucet·

361 1748 625 1811 Obstipum
649 1756 800 1810 caput
823 1762 883 1795 ac
905 1746 1046 1796 tereti
1069 1746 1259 1796 cervice
1280 1745 1540 1809 reflexum,

359 1813 640 1890 obtutum
626 1828 676 1861 ιιι
701 1813 861 1862 cauda
881 1811 1084 1860 maioris
1107 1812 1259 1908 figere
1281 1812 1434 1862 dicas.

233 1934 364 1989 108.
395 1931 474 1989 Et
500 1931 784 2009 reliquum
815 1929 1048 2008 quidem
1078 1948 1287 2009 corpus
1308 1928 1593 1988 Draconis
1618 1929 1759 1989 totis
1786 1907 1925 1990 noc-

227 2010 386 2069 tibus
413 2012 732 2104 cernimus:

360 2098 474 2183 Hoc
495 2143 646 2198 caput
667 2133 750 2183 hic
774 2132 979 2198 paulum
1003 2127 1110 2190 sese
1132 2132 1395 2197 subitoque
1415 2132 1656 2195 recondit,

358 2199 512 2250 Ortus
535 2200 619 2249 ubi
642 2209 792 2263 atque
815 2199 979 2249 obitus
1000 2199 1185 2262 partim
1208 2199 1512 2248 admiscetur
1537 2199 1589 2247 in
1611 2213 1793 2250 unam..

229 2316 300 2374 Id
327 2324 518 2374 autem
549 2323 724 2394 caput

357 2443 626 2569 &Ayttingens
649 2442 843 2492 defessa.
863 2441 998 2492 velut
1019 2407 1287 2493 maerentis
1306 2441 1473 2505 imag'o

411 2510 586 2558 ertitur

228 2614 398 2697 'quam
430 2619 662 2697 quidem
691 2618 895 2678 Graeci

355 2747 643 2808 Engonasin
666 2747 903 2808 vocitant,
917 2746 1125 2809 genibus
1147 2746 1267 2812 quia
1287 2746 1411 2796 nixa
1430 2747 1619 2799 feratur
1693 2731 1701 2742 ⁶

356 2814 456 2862 Hic
477 2813 562 2862 illa
582 2813 788 2862 eximio
793 2814 956 2876 posita
977 2821 1053 2863 est
1072 2813 1269 2874 fulgore
1288 2811 1537 2906 Corona.

221 2930 420 3069 Atffiue
440 2924 580 2991 haec
610 2931 843 3010 quidem
865 2950 900 2988 a
919 2921 1101 3008 tergo,
1122 2916 1360 3011 propter
1375 2917 1555 3010 caput
1576 2939 1767 2992 autem
1794 2933 1911 2992 An-

223 3012 326 3089 gui
354 3030 559 3070 enenS.

227 3123 358 3177 109.
385 3129 550 3190 Quem
572 3127 704 3178 claro
726 3127 984 3192 perhibent
1006 3127 1323 3192 Ophiuchum
1344 3129 1547 3179 nomine
1570 3129 1708 3181 Grai.

386 3196 487 3247 Hic
507 3196 882 3260 pressuduplici
896 3196 1184 3259 ,palmarum
1206 3198 1431 3270 continet
1452 3201 1699 3262 Anguem,
1728 3271 1741 3276 -
1760 3241 1773 3256 ,
