2199 3546
239 126 301 172 14
593 162 602 171 .
684 123 784 172 DE
815 120 1117 172 NATURA
1133 118 1341 171 „DEOA
1351 117 1469 170 ΠΜ.

237 224 420 283 voluit
445 243 585 296 esse,
606 225 680 282 de
711 224 838 302 ipsa
869 229 1063 282 mente
1089 223 1233 280 item
1260 221 1713 300 reprehenditur,
1736 231 1801 282 ut
1835 243 1923 282 ce-

237 306 360 377 teri,
381 305 452 362 de
474 304 758 363 infinitate
778 309 971 363 autem
993 303 1403 374 vehementiuS,
1421 303 1484 360 in
1514 321 1627 380 qua
1654 303 1796 360 nihil
1826 323 1922 360 ne-

237 405 348 462 que
389 385 638 444 sentiens
679 404 865 462 neque
899 385 1271 442 coniunctum
1305 389 1499 460 potest
1540 402 1675 440 esse.
1768 383 1919 440 Nam

235 465 609 523 Parmenides
638 465 872 543 quidem
906 464 1331 524 conventicium
1367 463 1643 540 quiddam
1676 481 1920 525 coronae

235 544 428 602 simile.
463 544 1030 622 efficit—-stephancn
1076 543 1801 621 appellat—continentem
1839 564 1923 602 ar-

235 625 435 684 dorem
455 624 600 684 lucis
628 624 843 695 orbem,
869 625 968 701 qui
997 624 1191 701 cingat
1212 624 1448 695 caelum,
1470 643 1639 702 quem
1654 624 1922 702 appellat

236 704 427 776 deum,
450 706 510 762 in
543 724 658 782 quo
687 723 873 782 neque
905 703 1147 781 figuram
1182 703 1436 762 divinam
1470 723 1657 782 neque
1690 724 1919 762 sensum

237 785 539 862 quisquam
583 784 856 861 suspicari
898 790 1107 861 potest,
1132 783 1427 861 multaque
1468 784 1724 842 eiusdem
1758 784 1921 843 modi

235 873 509 936 monstra,
536 865 750 942 quippe
787 865 886 942 qui
918 863 1151 936 bellum,
1172 865 1271 942 qui
1305 864 1668 935 discordiam,
1696 865 1796 942 qui
1829 884 1923 922 cu·

237 944 541 1020 piditatem
569 952 868 1022 ceteraque
905 944 1133 1021 generis
1172 943 1429 1004 eiusdem
1456 944 1531 1002 ad
1558 945 1729 1002 deum
1764 964 1923 1002 revo-

237 1031 344 1095 cet,
367 1043 514 1102 quae
546 1024 634 1082 vel
666 1024 870 1082 morbo
904 1024 992 1082 vel
1025 1043 1230 1082 somno
1259 1023 1347 1082 vel
1389 1023 1677 1082 oblivione
1710 1024 1800 1082 vel
1831 1045 1923 1102 ve-

235 1109 450 1162 tustate
483 1100 758 1176 delentur,
784 1104 1098 1182 eademque
1131 1103 1203 1162 de
1238 1103 1534 1177 sideribus,
1560 1124 1705 1182 quae
1738 1123 1923 1182 repre-

237 1183 415 1242 hensa
457 1183 574 1242 iam
618 1185 679 1242 in
723 1185 834 1242 alio
878 1185 941 1242 in
985 1185 1096 1242 hoc
1143 1185 1499 1242 omittantur.
1598 1184 1736 1243 XII.
1823 1190 1916 1246 29.

237 1263 618 1340 Empedocles
657 1272 852 1324 autem
893 1265 1080 1322 multa
1128 1264 1239 1322 alia
1280 1284 1525 1342 peccans
1566 1265 1629 1323 in
1678 1265 1918 1324 deorum

239 1344 512 1421 opinione
531 1345 860 1422 turpissime
879 1344 1105 1402 labitur.
1174 1344 1463 1413 Quattuor
1488 1345 1641 1402 enim
1670 1354 1919 1417 naturas,

237 1443 314 1482 ex·
341 1423 550 1502 quibus
582 1425 778 1483 omnia
815 1432 1076 1483 constare
1119 1432 1328 1495 censet,
1352 1424 1578 1482 divinas
1619 1445 1743 1484 esse
1776 1425 1919 1497 vult,

239 1523 380 1581 quas
421 1511 480 1564 et
519 1505 676 1563 nasci
709 1513 768 1562 et
801 1505 1090 1582 exstingui
1132 1505 1495 1582 perspicuum
1532 1513 1621 1564 est
1652 1513 1712 1564 et
1752 1525 1919 1564 sensu

237 1584 399 1642 omni
440 1603 642 1642 carere.
727 1584 787 1643 N
789 1605 852 1642 ec
884 1604 1019 1642 vero
1061 1585 1425 1662 Protagoras,
1458 1584 1558 1662 qui
1592 1605 1713 1643 sese
1746 1591 1922 1662 negat

238 1664 478 1722 omnino
499 1664 570 1722 de
593 1665 684 1722 dis
703 1664 910 1722 habere
933 1665 1092 1742 quod
1106 1664 1335 1741 liqueat,
1357 1664 1489 1737 sint,
1508 1685 1627 1722 non
1650 1665 1766 1722 sint
1788 1685 1921 1743 qua-

224 1741 383 1805 lesve
425 1742 558 1814 sint,
585 1743 888 1821 quicquam
908 1744 1136 1803 videtur
1156 1744 1228 1804 de
1256 1753 1461 1805 natura
1478 1745 1719 1804 deornm
1740 1745 1923 1823 suspi-

235 1825 368 1883 cari.
419 1824 610 1893 Quid?
658 1824 1041 1897 Democritus
1057 1825 1297 1902 quitum
1316 1826 1597 1903 imagines
1612 1846 1920 1904 earumque

237 1905 507 1963 circuitus
541 1905 600 1961 in
642 1904 881 1963 deorum
922 1924 1164 1963 numero
1197 1905 1388 1977 refert,
1410 1913 1533 1963 tum
1569 1906 1726 1963 illam
1760 1914 1924 1965 natu-

236 2003 375 2054 ram,
402 2004 545 2061 quae
573 1984 854 2061 imagines
885 1986 1096 2044 fundat
1122 2004 1189 2043 ac
1216 1986 1428 2056 mittat,
1460 1993 1586 2043 tum
1622 1986 1918 2045 scientiam

236 2064 1105 2141 intellegentiamquenostram,
1136 2085 1327 2124 nonne
1355 2066 1418 2123 in
1452 2066 1704 2124 maximo
1732 2085 1921 2127 errore

237 2146 524 2203 versatur?
591 2144 740 2202 Cum
769 2146 922 2203 idem
953 2146 1209 2217 omniun,
1236 2146 1371 2221 quia
1389 2144 1534 2202 nihil
1564 2164 1789 2222 semper
1816 2165 1921 2205 suo

235 2232 386 2281 statu
443 2232 688 2294 maneat,
719 2232 892 2301 neget
939 2244 1060 2283 esse
1113 2228 1419 2302 quicquam
1480 2223 1913 2300 sempiternum,

234 2322 427 2361 nonne
456 2304 628 2361 deum
664 2306 903 2362 omnino
931 2306 1015 2362 ita
1040 2304 1213 2374 tollit,
1232 2311 1301 2361 ut
1334 2302 1547 2362 nullam
1584 2304 1919 2381 opinionem

235 2384 358 2443 eius
375 2384 650 2461 reliquam
669 2384 880 2443 faciat?
942 2383 1096 2452 Quid
1115 2385 1135 2441 2
1168 2390 1283 2455 aer,
1300 2403 1415 2461 quo
1432 2382 1729 2461 Diogenes
1740 2384 1923 2463 Apol—

235 2464 478 2523 loniates
511 2465 696 2522 utitur
727 2464 854 2535 deo,
879 2483 1051 2541 quem
1093 2483 1321 2521 sensum
1351 2464 1561 2522 habere
1593 2471 1789 2541 potest
1820 2472 1923 2524 aut

233 2564 406 2621 quam
435 2544 683 2602 formam
715 2543 847 2601 dei?
922 2548 1014 2601 30.
1051 2543 1177 2601 Iam
1204 2544 1277 2601 de
1306 2544 1567 2603 Platonis
1594 2545 1922 2603 inconstan-

234 2625 318 2682 tia
357 2624 597 2701 longum
639 2631 727 2681 est
767 2624 956 2681 dicere
999 2624 1098 2701 qui
1132 2624 1191 2681 in
1227 2624 1465 2682 Timaeo
1498 2631 1719 2701 patrem
1749 2624 1921 2683 huius

232 2704 438 2763 mundi
466 2703 748 2761 nominari
778 2711 952 2780 neget
971 2722 1170 2781 posse:
1207 2705 1265 2761 in
1288 2703 1509 2782 Legum
1539 2712 1731 2762 autem
1760 2705 1921 2763 libris

235 2784 374 2861 quid
411 2783 486 2841 sit
519 2784 760 2841 omnino
793 2782 934 2841 deus
967 2784 1194 2861 anquiri
1228 2793 1493 2862 oportere
1522 2804 1639 2842 non
1672 2792 1916 2844 censeat.

235 2862 406 2933 Quod
425 2882 559 2921 vero
589 2863 711 2920 sine
738 2882 974 2941 corpore
1003 2864 1121 2921 ullo
1151 2865 1323 2923 deum
1346 2864 1470 2922 vult
1498 2884 1635 2935 csse,
1657 2871 1723 2922 ut
1748 2864 1919 2923 Grae-

233 2944 288 3001 ci
309 2944 525 3014 dicunt,
546 2944 858 3019 ἀσώματον,
881 2945 946 3002 id
973 2944 1139 3021 quale
1168 2964 1288 3003 esse
1308 2945 1494 3023 possit
1513 2944 1767 3021 intellegi
1799 2964 1917 3002 non

233 3030 459 3100 potest:
504 3031 692 3081 careat
733 3024 887 3081 enim
929 3044 1098 3082 sensu
1116 3031 1361 3083 'necesse
1394 3032 1498 3096 est,
1522 3034 1710 3082 careat
1742 3024 1917 3083 etiam

225 3102 554 3184 prudentia,
587 3110 774 3161 careat
813 3104 1140 3183 voluptate:
1192 3124 1337 3182 quae
1386 3105 1583 3163 omnia
1626 3124 1741 3161 una
1784 3124 1916 3162 cum

233 3182 476 3241 deorum
513 3184 754 3243 notione
787 3184 1346 3261 comprehendimus.
1438 3184 1605 3242 Idem
1638 3190 1697 3243 et
1729 3184 1787 3241 in
1824 3184 1917 3243 Ti-
