2199 3546
539 123 680 174 Lm.
706 123 808 186 11.‚
827 121 990 174 cn.
1009 121 1444 185 xum-XLV„
1474 121 1503 183 ς
1530 125 1770 175 111-115.
1930 125 1994 174 ετ

291 228 444 282 114.
481 222 671 293 Quem
699 221 1072 302 subsequens

435 345 681 394 Fervidus
703 344 787 394 ille
803 344 966 410 *Canis
981 343 1247 422 'stellarum
1268 344 1381 395 luce
1400 344 1627 407 refulget.

303 455 454 516 Post
481 455 674 534 Lepus
701 456 976 534 sequitur,

436 576 751 626 Curi-iculum
775 591 1046 639 numquam
1070 575 1265 625 defesso
1288 591 1493 640 corpore
1517 575 1712 627 sedans.

434 644 510 691 At
531 642 687 693 Canis
709 641 775 690 ad
797 641 1013 692 caudam
1035 655 1236 704 serpens
1258 641 1534 704 prolabitur
1556 643 1695 702 Argo
1714 679 1727 693 .
1751 679 1764 692 .
1788 679 1803 694 .

435 708 585 757 Hanc
608 707 757 756 Aries
779 707 904 768 tegit
926 715 978 755 et
999 721 1265 770 squamoso
1288 721 1495 770 corpore
1514 708 1702 769 Pisces,

434 773 684 822 Fluminis
705 771 883 836 illustri
906 780 1197 834 tangentem
1221 786 1427 836 corpore
1448 773 1596 836 ripas.

302 887 490 958 Quem
518 889 692 968 longe
719 897 1044 968 serpentem
1073 897 1133 949 'et
1159 897 1493 948 manantem

432 1043 500 1054 -ο
520 1017 728 1080 aspicies
751 1031 1050 1081 proceraque
1071 1017 1259 1067 Vincla
1279 1018 1485 1080 videbis,

433 1081 577 1142 Quae
599 1083 812 1132 retinent
833 1083 1004 1132 Pisces
1027 1083 1299 1132 caudarum
1320 1100 1355 1132 a
1374 1091 1515 1148 parte
1535 1082 1712 1135 locata.
1738 1121 1751 1137 .
1776 1121 1789 1135 .
1813 1119 1830 1136 .

434 1147 563 1196 Inde
585 1147 756 1211 Nepae
778 1163 950 1197 cernes
973 1157 1177 1212 propter
1198 1148 1433 1210 fulgentis
1456 1164 1667 1200 acumen

432 1213 611 1274 Aram,
626 1228 776 1277 quum
797 1213 920 1262 flatu
942 1213 1217 1277 permulcet
1239 1215 1441 1278 spiritus
1463 1214 1635 1264 austri.

299 1301 661 1408 Propterque
689 1329 1014 1393 Centaurus

431 1457 581 1508 Cedit
601 1459 734 1522 Equi
758 1457 910 1522 partis
933 1473 1202 1522 properans
1224 1459 1523 1520 subiungere
1545 1459 1713 1508 chelis.

431 1525 533 1573 Hie
551 1523 786 1573 dextram
803 1539 1032 1587 porgens,
1051 1524 1335 1588 quadrupes
1360 1539 1460 1588 qua
1479 1533 1623 1573 vasta
1645 1532 1857 1586 tenetur,

429 1589 615 1638 Tendit
636 1601 688 1638 et
709 1588 949 1638 illustrem
974 1589 1285 1638 truculentus
1307 1589 1471 1638 caedit
1492 1589 1559 1638 acl
1581 1605 1751 1639 aramz

432 1654 534 1704 Hic
555 1669 664 1704 sese
684 1654 889 1703 infernis
912 1655 976 1704 de
997 1655 1222 1718 partibus
1244 1655 1391 1716 erigit
1414 1654 1609 1719 Hydra,

297 1769 464 1851 cuius
490 1769 664 1849 longe
694 1790 903 1851 corpus
931 1778 1018 1831 est
1046 1771 1265 1845 fusum,

429 1900 493 1949 In
515 1899 778 1963 medioque
799 1900 913 1949 sinu
929 1899 1126 1961 fulgens
1148 1899 1361 1950 Cratera
1382 1898 1592 1949 relucet.

430 1966 727 2015 Extremam
750 1965 912 2013 nitens
935 1966 1165 2027 plumato
1187 1978 1395 2029 corpore
1417 1965 1613 2015 Corvus

428 2028 612 2079 Rostro
635 2030 813 2091 tundit,
831 2040 890 2079 et
912 2030 993 2078 hic
1019 2029 1249 2080 Geminis
1271 2038 1348 2079 est
1370 2030 1453 2079 ille
1476 2030 1567 2078 sub
1590 2029 1709 2092 ipsis

428 2097 566 2146 Ante
593 2094 1064 2159 Canem,·IIpom‘›wv
1087 2094 1242 2145 Graio
1264 2095 1351 2158 qui
1374 2094 1576 2144 nomine
1598 2094 1771 2145 fertur.

249 2232 262 2242 ’
300 2217 435 2271 115.
471 2212 634 2273 Haec
669 2212 862 2270 omnis
894 2210 1212 2289 descriptio
1254 2212 1507 2270 siderum
1540 2218 1715 2289 atque
1745 2212 1842 2271 hic
1875 2220 1998 2272 tan-

295 2298 395 2350 tus
435 2291 580 2353 caeli
611 2298 848 2355 ornatus
881 2310 954 2351 ex
987 2291 1331 2371 corporibus„
1355 2291 1471 2350 huc
1512 2298 1571 2350 et
1602 2292 1737 2351 illuc
1770 2313 1905 2351 casu
1938 2299 1997 2351 et

296 2378 514 2429 temere
542 2371 904 2433 cursantibus
924 2372 1183 2449 potuisse
1210 2371 1358 2430 effici
1380 2372 1648 2450 cuiquam
1678 2392 1818 2431 sano
1838 2373 1992 2430 vide-

297 2451 347 2509 ri
374 2453 606 2528 potest?
673 2451 800 2509 Aut
819 2470 956 2509 vero
984 2451 1177 2529 aliqua
1204 2459 1411 2509 natura
1434 2452 1648 2511 mentis
1676 2460 1734 2510 et
1752 2452 1994 2510 rationis

297 2550 500 2609 expers
527 2530 668 2591 haec
696 2530 916 2589 efficere
944 2531 1157 2608 potuit,
1179 2549 1324 2608 quae
1350 2550 1470 2590 non
1496 2531 1675 2590 modo
1702 2537 1770 2589 ut
1790 2531 1994 2589 fierent

297 2612 521 2669 ratione
547 2618 845 2688 eguerunt,
867 2610 969 2669 sed
988 2609 1247 2687 intellegi
1269 2611 1461 2689 qualia
1480 2611 1598 2669 sint
1618 2612 1741 2670 sine
1768 2630 1995 2669 summa
2018 2636 2031 2643 ·

297 2691 522 2754 ratione
552 2709 672 2749 non
701 2691 983 2767 possunt?

378 2769 566 2830 XLV.
597 2770 658 2829 N
659 2789 722 2829 ec
750 2789 886 2828 vero
919 2769 1062 2828 haec
1096 2766 1285 2828 solum
1318 2768 1695 2841 admirabilia,
1720 2769 1821 2827 sed
1846 2767 1991 2827 nihil

295 2849 487 2913 maius
521 2868 695 2927 quam
729 2847 888 2927 quod
919 2849 1004 2907 ita
1037 2847 1259 2907 stabilis
1301 2856 1389 2907 est
1420 2848 1675 2906 mundus
1706 2854 1879 2925 atque
1910 2849 1994 2905 ita

299 2928 569 2989 cohaeret
589 2928 666 2987 ad
684 2928 1160 3006 permanendum,
1180 2935 1248 2986 ut
1266 2928 1415 2985 nihil
1434 2947 1511 2985 ne
1537 2928 1851 3003 excogitari
1874 2927 1991 3004 qui·

299 3007 436 3069 dem
455 3008 643 3085 possit
663 3008 870 3085 aptius.
941 3006 1161 3066 Omnes
1186 3007 1344 3063 enim
1369 3012 1563 3081 partes
1588 3005 1713 3059 eius
1738 3004 1994 3079 undique

297 3080 562 3149 inedium
577 3087 772 3147 locum
789 3092 1150 3163 capessentes
1165 3084 1431 3140 nituntur
1446 3078 1771 3154 aequaliter.
1822 3080 1995 3134 Maxi-

297 3184 400 3230 me
438 3162 642 3233 autem'
675 3182 918 3241 corpora
955 3164 1111 3222 inter
1148 3178 1211 3216 se
1250 3160 1451 3215 iuncta
1479 3162 1835 3229 permanent,
1864 3171 1995 3210 cum
