2199 3546
1872 6 1993 68 ''R-r.

535 153 678 204 LIB.
699 151 768 215 1.,
790 149 954 203 CAR.
971 149 1433 215 xxxv11.-XL.‘,
1455 151 1484 211 ἓ
1510 154 1688 204 81-87.
1867 155 1961 204 177

271 255 321 314 si
349 254 576 326 Graeci,
595 255 645 312 si
676 253 919 325 barbari,
943 253 993 311 si
1019 253 1267 312 maiores
1294 253 1468 316 etiam
1486 254 1703 326 nostri,
1729 255 1779 312 si
1806 255 1965 313 deni-

267 355 384 413 que
405 335 516 392 hoc
529 336 764 412 vsemper
783 335 868 391 ita
886 339 1156 410 putatum
1178 340 1281 406 est,
1305 335 1353 391 si
1374 335 1585 391 summi
1608 334 1958 412 philosophi,

269 417 320 472 si
354 421 580 492 poetae,
611 415 662 472 si
693 413 1101 492 sapientissimi
1130 413 1254 486 viri,
1284 414 1385 492 qui
1416 433 1507 472 res
1538 413 1797 491 publicas
1828 433 1963 473 con-

269 496 600 567 stituerunt,
625 493 726 572 qui
753 493 924 552 urbes
949 493 1369 552 condiderunt?
1448 494 1546 551 An
1575 494 1715 552 dum
1742 494 1961 553 bestiae

269 575 579 652 loquantur
619 580 1032 652 exspectamus,
1059 572 1365 632 hominum
1392 575 1792 634 consentiente
1832 595 1962 632 aue-

268 656 504 714 toritate
545 654 807 713 contenti
845 673 964 711 non
1007 655 1242 712 sumus?
1324 660 1419 712 85.
1464 651 1589 712 Nec
1625 676 1761 715 vero
1811 656 1963 734 quic-

270 755 446 813 quam
478 733 636 793 aliud
663 734 922 794 adfertur
953 752 1054 791 cur
1085 753 1171 804 ea,
1196 753 1341 812 quae
1368 733 1516 806 dico,
1541 733 1839 794 divinandi
1865 754 1961 812 ge-

268 835 409 874 nera
439 814 597 873 nulla
623 813 756 886 sint,
780 813 892 870 nisi
921 813 1078 906 quod
1107 812 1335 872 difficile
1370 813 1531 871 dictu
1559 813 1787 872 videtur
1815 835 1959 892 quae

269 895 560 972 cuiusque.
596 893 968 952 divinationis
1013 892 1179 964 rati0,
1216 913 1361 971 quae
1410 911 1580 952 causa
1627 895 1719 952 sit.
1804 893 1960 964 Quid

269 974 430 1032 enim
456 973 634 1032 habet
659 973 942 1051 haruspex
969 991 1070 1036 cur
1094 973 1295 1051 pulmo
1323 973 1535 1032 incisus
1566 974 1742 1032 etiam
1772 975 1832 1031 in
1861 975 1961 1032 bo-

269 1055 366 1112 nis
397 1055 544 1112 extis
571 1054 806 1112 dirimat
831 1062 1060 1130 tempus
1090 1060 1153 1111 et
1178 1052 1435 1132 proferat
1462 1053 1655 1112 diem?
1697 1055 1836 1132 quid
1864 1074 1960 1112 au-

268 1153 382 1212 gur
413 1151 516 1193 cur
545 1153 580 1192 a
612 1133 815 1192 dextra
845 1151 1062 1205 corvus,
1093 1153 1129 1190 a
1164 1134 1396 1191 sinistra
1432 1134 1635 1192 cornix·
1664 1134 1840 1192 faciat
1876 1153 1959 1192 ra-

257 1216 440 1272 -tnmi
487 1214 628 1292 quid
667 1213 991 1290 astrologus
1032 1232 1134 1271 cur
1173 1213 1335 1272 stella
1376 1213 1531 1273 Iovis
1577 1220 1679 1272 aut
1716 1214 1959 1294 Veneris

267 1294 578 1352 coniuncta
624 1313 758 1352 cum
807 1293 970 1351 Luna
1017 1293 1101 1352 ad-
1133 1300 1295 1351 ortus
1340 1313 1649 1372 puerorum
1696 1294 1959 1353 salutaris

269 1375 364 1446 sit,
386 1371 621 1432 Saturni
649 1373 920 1432 Martisve
953 1369 1273 1432 contraria?
1314 1393 1417 1432 cur
1440 1382 1633 1432 autem
1662 1375 1803 1433 dens
1831 1375 1959 1432 dor-

270 1454 520 1512 mientes
538 1473 644 1512 nos
670 1460 920 1524 moneat,
935 1452 1241 1532 vigilantes
1267 1453 1567 1532 neglegat?
1625 1453 1781 1523 Quid
1802 1454 1959 1512 dein-

272 1533 346 1592 de
373 1553 576 1592 causae
603 1541 690 1592 est
709 1551 811 1593 cur
831 1532 1149 1592 Cassandra
1174 1534 1373 1592 furens
1399 1535 1599 1593 futura
1624 1535 1955 1612 prospiciat,

270 1613 538 1672 Priamus
577 1614 806 1691 sapiens
840 1613 953 1671 hoc
990 1613 1146 1672 idem
1188 1615 1376 1672 facere
1414 1634 1535 1672 non
1570 1615 1779 1692 queat?
1862 1620 1956 1673 86.

269 1693 390 1752 Cur
413 1693 517 1752 fiat
544 1692 800 1772 quidque
829 1694 1052 1770 quaeris
1068 1695 1094 1752 θ’
1157 1694 1337 1752 Recte
1365 1695 1619 1753 omnim.
1692 1691 1808 1753 Sed
1840 1713 1959 1752 nou

268 1794 424 1833 nunc
455 1776 520 1833 id
550 1775 765 1853 agitur.'
844 1771 892 1831 F
893 1772 976 1832 iat'
1006 1794 1184 1833 necne
1216 1773 1335 1846 fiat,
1365 1776 1428 1833 id
1461 1776 1765 1853 quaeritur.
1850 1773 1955 1846 Ut,

271 1856 322 1913 si
367 1852 710 1931 magnetem
745 1854 994 1932 lapidem
1043 1873 1166 1913 esse
1220 1855 1427 1927 dicam,
1471 1855 1572 1934 qui
1619 1856 1832 1913 ferrum
1884 1856 1960 1913 ad

273 1954 336 1993 se
374 1935 608 1993 adliciat
639 1942 700 1992 et
737 1934 1002 2007 attrahat,
1032 1935 1317 1994 rationem
1360 1954 1461 1995 cur
1499 1935 1562 1993 id
1598 1935 1699 1993 fiat
1736 1935 1959 1993 adferre

273 2034 572 2092 nequeam,
599 2014 722 2073 fieri
763 2014 1002 2072 omnino
1043 2034 1235 2092 neges,
1318 2014 1492 2084 Quod
1524 2015 1677 2073 idem
1716 2014 1861 2072 facis
1897 2014 1959 2073 iu

271 2094 642 2167 divinatione,
663 2114 833 2173 quam
869 2102 930 2153 et
956 2096 1244 2154 cernimus
1275 2094 1389 2172 ipsi
1412 2102 1477 2153 et
1502 2093 1768 2152 audimus
1802 2102 1861 2152 et
1886 2094 1961 2153 le-

270 2176 464 2253 gimus
491 2182 552 2233 et
576 2194 611 2233 a
635 2174 896 2253 patribus
928 2176 1282 2253 accepimus:
1325 2193 1513 2253 neque
1545 2181 1679 2233 aute
1711 2174 1961 2252 philoso-

269 2254 469 2332 phiam
497 2256 863 2333 patefactam,
886 2274 1032 2333 quae
1059 2274 1245 2334 nuper
1270 2256 1505 2314 inventa
1531 2262 1634 2327 est,
1658 2254 1765 2313 hac
1794 2255 1867 2315 de
1899 2276 1961 2315 re

268 2335 594 2393 communis
613 2336 736 2393 vita
755 2334 1059 2406 dubitavit,
1079 2343 1156 2408 et,
1176 2344 1379 2414 postea
1398 2352 1570 2413 quam
1593 2335 1962 2414 philosophia

267 2416 564 2493 processit,
583 2434 756 2473 nemo
777 2414 943 2473 aliter
1000 2415 1339 2494 hilosophus
1358 2417 1551 2488 sensit,
1566 2414 1629 2473 in
1648 2436 1764 2493 quo
1780 2417 1961 2475 modo

267 2503 417 2553 esset
438 2496 764 2553 auctoritas
825 2495 917 2553 87.
1011 2496 1089 2554 ixi
1112 2496 1185 2554 de
1206 2496 1557 2575 Pythagora,
1573 2497 1646 2555 de
1667 2496 1964 2555 Democri-

267 2582 348 2647 t0,
373 2575 448 2633 de
485 2573 737 2647 Socrate,
767 2576 966 2653 excepi
1001 2576 1074 2634 de
1110 2576 1363 2655 antiquis
1394 2584 1623 2655 praeter
1652 2576 1963 2655 Xenopha-

267 2674 404 2713 nem
435 2655 747 2726 neminem,
770 2655 1006 2713 adiunxi
1035 2663 1285 2715 veterem
1316 2654 1708 2727 Academiam,
1733 2656 1963 2734 Peripa-

267 2734 492 2801 teticos,
513 2734 758 2793 Stoicos·
806 2734 978 2794 Unus
1005 2735 1274 2795 dissentit
1294 2736 1593 2816 Epicurus
1651 2736 1806 2806 Quid
1828 2756 1961 2799 vero

267 2813 380 2872 hoc
400 2815 628 2892 turpius
650 2833 818 2892 quam
845 2815 1001 2893 quod
1022 2815 1176 2874 idem
1200 2817 1417 2875 nullam
1438 2824 1633 2876 censet
1652 2817 1963 2895 gratuitam

183 2916 188 2921 ·
268 2912 390 2951 esse
419 2892 691 2952 virtutem
711 2896 731 2953 2

349 2972 478 3031 XL.
521 2972 666 3043 Quis
694 2982 781 3032 est
808 2980 1000 3033 autem
1032 2993 1203 3053 quem
1232 2996 1351 3035 non
1378 2983 1611 3034 moveat
1638 2972 1963 3032 clarissimis

269 3054 672 3112 monumentis
690 3061 901 3112 testata
927 3057 1379 3135 consignataque
1405 3054 1757 3131 antiquitas?
1837 3053 1965 3111 Cal-

271 3132 539 3191 chantem
575 3152 848 3211 augurem
893 3134 1089 3194 scribit
1134 3136 1427 3193 Homerus
1468 3134 1640 3209 longe
1673 3132 1961 3210 optimum

271 3231 521 3291 eumque
565 3213 772 3271 ducem
813 3214 1078 3272 classium
1123 3215 1303 3272 fuisse
1344 3213 1421 3271 ad
1460 3210 1651 3281 Ilium,
1686 3211 1965 3287 auspicio-
