2199 3546
233 135 330 187 198
384 117 389 122 ’
753 132 854 183 DE
891 130 1393 193 Drva'rioNn.

231 254 326 293 am
370 234 487 293 mei
531 234 684 293 cives
726 234 818 293 vel
859 234 1105 311 gratiam
1150 232 1347 310 potius
1389 230 1701 304 habebunt,
1746 232 1921 310 quod,

231 334 364 376 cum
399 320 547 373 esset
580 314 640 371 in
676 314 846 371 unius
873 320 1160 391 potestate
1194 332 1283 370 res
1317 312 1563 388 publica,
1593 330 1779 390 neque
1812 331 1922 389 ego

230 414 325 453 me
371 394 570 452 abdidi
618 413 806 471 neque
854 394 1078 453 deserui
1127 412 1313 469 neque
1362 391 1559 459 adflixi
1607 411 1793 469 neque
1840 393 1922 449 ita

230 475 383 551 gessi
439 474 600 552 quasi
649 474 876 531 homini
931 481 1031 531 aut
1085 472 1445 550 temporibus
1500 472 1679 529 irat-us
1735 491 1922 549 neque

229 572 402 631 porro
435 555 520 611 ita
551 562 652 613 aut
684 554 948 612 adulatus
979 560 1081 611 aut
1114 552 1429 611 admiratus
1462 552 1758 609 fortunam
1794 572 1919 609 sum

229 633 478 705 alteriuS‚
510 642 576 692 ut
608 653 702 691 me
745 653 906 691 meae
937 634 1276 710 paeniteret.
1360 632 1433 690 Id
1465 632 1617 689 enim
1654 632 1845 709 ipsum
1887 652 1922 689 a

228 713 472 772 Platone
528 714 1009 805 philosophiaque
1069 712 1401 783 didiceram,
1452 711 1739 769 naturales
1800 731 1921 771 esse

229 794 520 871 quasdam
535 794 933 851 conversiones
961 812 1150 851 rerum
1173 792 1548 870 publicarum,
1573 799 1639 849 ut
1666 811 1764 850 eae
1794 798 1919 849 tum

229 892 263 931 a
290 873 648 951 principibus
681 880 1029 945 tenerentur,
1054 880 1181 931 tum
1216 891 1251 930 a
1277 871 1525 950 populiS,
1550 870 1858 950 aliquando
1886 892 1923 931 a

228 953 483 1029 singulis,
573 954 623 1011 7.
671 952 841 1022 Quod
869 972 1002 1010 cum
1036 952 1338 1010 accidisset
1366 958 1593 1009 nostrae
1626 951 1708 1009 rei
1736 951 1921 1030 publi-

227 1052 341 1103 cae,
363 1040 487 1089 tum
516 1034 773 1110 pristinis
802 1033 990 1091 orbati
1017 1031 1351 1090 muneribus
1370 1031 1513 1090 haec
1540 1031 1732 1089 studia
1759 1050 1921 1088 reno-

227 1132 357 1169 vare
403 1116 714 1189 coepimus„
751 1120 817 1171 ut
861 1120 920 1170 et
961 1113 1188 1171 animus
1232 1112 1513 1169 molestiis
1546 1111 1652 1169 hac
1694 1112 1921 1203 potissi-

225 1210 386 1249 mum
415 1212 476 1249 re
499 1192 778 1249 levaretur
804 1199 863 1251 et
891 1182 1291 1269 prodessemus
1319 1190 1538 1249 civibus
1565 1192 1779 1248 nostris
1806 1211 1921 1269 qua

224 1290 285 1328 re
314 1291 558 1349 cumque
588 1290 902 1350 possemus,
990 1272 1059 1329 In
1086 1272 1251 1329 libris
1279 1272 1433 1329 enim
1464 1272 1807 1329 sententiam
1838 1271 1921 1329 di-

225 1351 511 1423 cebamuS,
537 1351 1028 1424 contionabamur‚
1047 1351 1475 1429 philosophiam
1505 1350 1675 1409 nobis
1701 1370 1807 1428 pro
1836 1352 1919 1409 rei

223 1431 488 1508 publicae
507 1432 909 1509 procuratione
931 1432 1298 1490 substitutam
1324 1430 1682 1509 putabamus,
1728 1430 1786 1488 N
1788 1451 1915 1504 unc,

225 1512 500 1587 quoniam
534 1512 606 1569 de
649 1530 708 1571 re
742 1511 974 1588 publica
1015 1512 1237 1569 consuli
1271 1512 1464 1589 coepti
1498 1530 1710 1584 sumuS,
1741 1511 1919 1569 tribu-

225 1591 374 1648 enda
413 1599 501 1649 est
542 1611 716 1668 opera
755 1592 838 1649 rei
870 1590 1133 1670 publicae
1166 1592 1255 1649 vel
1298 1592 1487 1648 omnis
1508 1592 1715 1668 ,potius
1747 1592 1809 1648 in
1851 1610 1919 1649 ea

224 1672 502 1747 cogitatio
537 1679 597 1729 et
628 1690 764 1729 cura
791 1671 1076 1749 ponenda,
1101 1678 1330 1730 tantum
1360 1671 1494 1729 huic
1528 1671 1721 1729 studio
1752 1671 1919 1728 relin-

225 1751 537 1828 quendum,
571 1758 851 1829 quantum
885 1750 1111 1816 vacabit
1143 1772 1178 1810 a
1212 1750 1444 1829 publico
1479 1750 1669 1809 officio
1703 1759 1763 1810 et
1794 1770 1916 1810 mu-

224 1849 373 1890 nere.
460 1831 575 1890 Sed
607 1831 748 1890 haec
781 1832 921 1890 alias
954 1832 1248 1910 pluribus:
1293 1851 1447 1890 nunc
1481 1833 1556 1890 ad
1588 1833 1915 1890 institutam

223 1911 675 1988 disputationem
705 1920 1070 1973 revertamur.

305 1990 410 2049 III.
463 1998 513 2050 8.
559 1991 710 2048 Nam
757 2012 890 2052 cum
931 1992 1004 2050 de
1047 1991 1404 2050 divinatione
1448 1991 1699 2061 Quintus
1737 1991 1919 2050 frater

223 2090 292 2128 ea
323 2071 698 2144 disseruisset,
731 2091 877 2150 quae
910 2072 1202 2149 superiore
1229 2071 1377 2129 libro
1412 2073 1625 2149 scripta
1657 2080 1809 2142 sunt,
1834 2092 1917 2130 sa-

222 2151 413 2228 tisque
442 2151 798 2210 ambulatum
821 2152 1125 2223 videretur,
1146 2159 1273 2210 tum
1301 2152 1360 2210 in
1383 2151 1747 2222 bibliotheca,
1770 2171 1915 2230 quae

220 2230 284 2288 in
318 2231 498 2307 Lycio
533 2238 635 2302 est,
666 2231 1010 2290 adsedimus,
1095 2231 1293 2309 Atque
1334 2250 1477 2309 ego:
1521 2231 1808 2290 Accurate
1848 2240 1915 2290 tu

222 2310 475 2402 quidem,
501 2311 755 2388 inquam,
777 2311 1008 2383 Quinte,
1033 2317 1092 2369 et
1121 2311 1314 2369 Stoice
1336 2311 1663 2370 Stoicorum
1692 2319 1916 2370 senten-

221 2390 364 2447 tiam
393 2389 723 2483 defendisti,
749 2391 1020 2469 quodque
1053 2411 1148 2449 me
1175 2392 1425 2449 maxime
1453 2391 1716 2464 delectat,
1740 2391 1915 2469 pluri-

221 2469 332 2527 mis
372 2470 584 2528 nostris
618 2471 896 2548 exemplis
927 2491 1064 2530 usus
1098 2491 1160 2529 es
1193 2479 1251 2529 et
1286 2471 1355 2528 iis
1389 2471 1624 2550 quidem
1657 2471 1821 2529 claris
1856 2479 1915 2530 et

221 2549 550 2608 illustribus,
636 2550 966 2609 Dicendum
1007 2558 1095 2608 est
1136 2551 1285 2608 mihi
1317 2552 1496 2627 igitur
1536 2550 1612 2609 ad
1652 2570 1735 2622 ea,
1768 2571 1915 2630 quae

220 2637 355 2686 sunt
395 2649 430 2686 a
463 2637 520 2687 te
553 2630 724 2702 dict-a,
757 2631 857 2689 sed
889 2631 988 2702 ita,
1018 2631 1164 2689 nihil
1199 2639 1265 2689 ut
1296 2631 1613 2723 adfirmem,
1644 2651 1915 2708 quaeram

220 2709 431 2779 omnia,
467 2709 738 2768 dubitans
786 2710 1124 2789 plerumque
1168 2718 1228 2769 et
1270 2711 1418 2768 mihi
1458 2711 1582 2788 ipse
1626 2710 1911 2770 diffidens.

221 2787 284 2845 Si
329 2788 482 2846 enim
527 2788 748 2868 aliquid
791 2790 934 2848 certi
977 2789 1247 2850 haberem
1294 2791 1451 2868 quod
1495 2791 1761 2861 dicerem,
1802 2810 1915 2868 ego

219 2867 344 2944 ipse
377 2868 711 2940 divinarem,
738 2870 838 2947 qui
866 2889 987 2928 esse
1015 2870 1431 2928 divinationem
1459 2890 1626 2948 nego.
1716 2875 1769 2928 9.
1814 2871 1917 2928 Et-

219 2947 374 3003 enim
429 2967 522 3005 me
576 2957 774 3007 movet
819 2949 979 3021 illud,
1027 2950 1184 3026 quod
1231 2951 1292 3009 in
1340 2951 1541 3028 primis
1590 2950 1916 3008 Carneades

221 3045 486 3102 quaerere
529 3027 763 3099 solebat,
795 3048 1173 3106 quarumnam
1208 3048 1393 3088 rerum
1430 3029 1709 3088 divinatio
1743 3038 1913 3102 esset,

221 3124 506 3178 earumne,
524 3127 684 3198 ‚quae
718 3108 978 3166 sensibus
1005 3109 1467 3186 perciperentur?
1548 3110 1634 3167 At
1662 3130 1756 3168 eas
1789 3111 1915 3188 qui-

219 3184 352 3240 dem
387 3187 688 3256 cernimus
719 3187 1002 3261 audimuS,
1031 3196 1349 3265 gustamuS,
1381 3189 1701 3261 olfacimus,
1726 3197 1845 3248 tan
1829 3191 1917 3268 gi-
