2199 3546
191 101 287 149 130
649 97 749 147 DE
779 94 1082 146 NATURA.
1112 94 1439 145 DEORUM.

772 226 781 234 „
1218 201 1485 257 postquam
1508 198 1651 255 pater

253 260 636 324 Appropinquat
657 260 858 322 iamque
880 273 1036 322 paene
1059 266 1117 306 ut
1139 258 1587 321 comprehendatur
1606 264 1768 321 parat,

255 327 474 375 Puerum
498 325 687 374 interea
706 326 970 373 obtruncat
992 324 1313 387 membraque
1334 323 1633 371 articulatim
1658 321 1849 383 dividit,

253 392 448 453 Perque
471 405 616 451 agros
638 389 823 453 passim
846 389 1084 451 dispergit
1107 403 1283 451 corpus
1304 406 1315 437 ι
1355 387 1408 436 id
1429 403 1491 436 ea
1511 388 1686 449 gratia,

255 456 344 516 Ut,
363 456 486 504 dum
509 456 613 505 nati
637 455 917 517 dissupatos
941 462 1078 502 artus
1101 463 1321 515 captaret
1343 468 1538 516 parens,

255 521 375 583 Ipsa
395 520 585 569 interea
605 520 862 581 effugeret,
879 518 1022 567 illum
1041 525 1101 567 ut
1122 534 1319 568 maeror
1341 518 1560 567 tardaret
1583 517 1739 583 sequi,

256 585 362 635 Sibi
385 585 597 635 salutem
619 594 675 634 ut
697 584 1146 647 familiai-[pareret
1167 583 1442 646 parricidio.

194 717 286 769 68.
312 711 469 769 Huic
490 718 556 769 ιιι
578 711 775 782 scelus,
797 711 877 768 sic
900 730 972 767 ne
993 710 1141 767 ratio
1166 710 1400 787 quidem
1422 709 1627 767 defuit.
1691 708 1881 776 Quid?

192 791 285 848 ille
305 791 564 849 funestas
584 790 780 869 epulas
799 790 964 848 fratri
987 809 1325 867 comparans
1347 807 1538 847 nonne
1560 794 1747 847 versat
1766 787 1881 845 huc

193 878 253 929 et
280 871 414 928 illuc
443 870 794 947 cogitatione
821 870 1144 928 rationem?

257 1008 425 1057 Maior
449 1007 570 1055 mihi
593 1007 767 1066 moles,
787 1007 947 1055 maius
971 1006 1330 1055 miscendumst
1353 1006 1559 1067 malum,

257 1072 358 1134 Qui
378 1072 508 1121 illius
529 1073 760 1121 acerbum
785 1086 869 1120 cor
891 1072 1197 1121 contundam
1220 1080 1271 1121 et
1293 1071 1635 1135 comprimam.

193 1199 454 1260 XXVII.
492 1200 612 1258 Nec
640 1207 836 1259 tamen
865 1200 962 1258 ille
988 1200 1123 1278 ipse·
1143 1207 1229 1259 est
1257 1199 1721 1279 praetereunduS,

260 1327 359 1389 Qui
381 1342 481 1376 non
503 1338 582 1377 sat
604 1328 776 1377 habuit
799 1326 1062 1389 coniugem
1085 1327 1235 1377 illexe
1256 1328 1310 1375 in
1334 1337 1583 1391 stuprum:

195 1454 270 1515 de
297 1473 413 1532 quo
441 1461 594 1513 recte
623 1461 683 1513 et
711 1455 1002 1514 verissime
1030 1455 1287 1533 loquitur
1314 1455 1560 1513 Atreus:

263 1618 277 1631 .
319 1618 335 1632 .
372 1583 386 1631 .’
425 1581 556 1645 quod
578 1582 629 1629 in
655 1596 709 1629 re
731 1596 928 1630 summa
949 1596 1199 1630 summum
1221 1596 1328 1631 esse
1349 1581 1564 1631 arbitror

261 1646 529 1705 Periclum,
548 1657 734 1695 matres
754 1645 1062 1709 coinquinari
1085 1647 1263 1707 regias,

263 1711 602 1761 Contaminari
626 1712 829 1773 stirpem
853 1727 912 1760 ac
934 1711 1129 1759 misceri
1150 1726 1321 1772 genuS.

197 1829 283 1888 At
305 1831 364 1970 ἰὲἰ
385 1832 576 1908 ipsum
599 1850 770 1908 quam
793 1831 1012 1904 callide,
1031 1831 1131 1909 qui
1152 1850 1393 1910 regnum
1415 1831 1695 1890 adulterio
1718 1811 1886 1911 quaess

197 1929 320 1969 rere
366 1930 383 1970 z

264 2039 433 2100 Addo,
449 2040 624 2103 inquit,
644 2039 755 2101 huc,
774 2039 909 2102 quod
933 2035 1055 2088 inihi
1077 2047 1307 2102 portento
1330 2038 1596 2090 caelestum
1618 2049 1760 2104 pater

265 2105 556 2166 Prodigium
578 2104 729 2166 misit,
752 2105 892 2165 regni
915 2105 1196 2153 stabilimen
1219 2105 1335 2168 mei,

265 2170 469 2230 Agnum
492 2170 621 2217 inter
637 2170 849 2232 pecudes
870 2184 1020 2218 aurea
1041 2168 1233 2218 clarum
1255 2184 1401 2218 coma

267 2233 529 2294 Quendam
550 2235 820 2295 Thyestem
843 2234 1036 2297 clepere
1059 2250 1235 2283 ausum
1259 2250 1288 2283 e
1310 2235 1477 2297 regia,

267 2298 382 2360 Qua
403 2299 455 2347 in
478 2313 530 2347 re
551 2299 846 2348 adiutricem
868 2300 1129 2360 coniugem
1153 2301 1284 2362 cepit
1306 2301 1415 2349 sibi.

206 2423 299 2475 69.
319 2416 642 2474 Videturne
665 2435 890 2474 summa
905 2416 1276 2494 improbitate
1298 2438 1434 2476 usus
1456 2438 1573 2477 non
1594 2419 1717 2479 sine
1738 2439 1885 2478 sum‘

203 2516 300 2554 ma
326 2515 446 2554 esse
474 2497 732 2555 ratione?
804 2496 862 2554 N
864 2516 928 2555 ec
956 2517 1089 2554 vero
1119 2517 1321 2556 scaena
1348 2498 1533 2557 solum
1562 2500 1773 2558 referta
1798 2506 1888 2558 est

204 2575 296 2634 his
323 2575 640 2647 sceler-ibae,
666 2575 767 2634 sed
794 2577 980 2634 multo
1008 2577 1128 2634 vita
1152 2579 1478 2636 communis
1504 2598 1685 2656 paene
1712 2579 1889 2637 maio-

204 2655 377 2714 ribus·
462 2655 652 2713 Sentit
693 2655 900 2714 domus
942 2658 1111 2714 unius
1153 2659 1441 2735 cuiusque,
1467 2659 1643 2716 sentit
1672 2659 1885 2730 forum,

206 2735 381 2793 sentit
400 2737 572 2808 curia,
586 2755 837 2814 campuS,
853 2737 1011 2807 socii,
1026 2736 1369 2814 provinciae,
1386 2745 1453 2795 ut
1474 2757 1646 2816 quem
1675 2739 1749 2796 ad
1768 2758 1889 2796 mo-

206 2815 345 2873 dum
379 2816 602 2874 ratione
634 2825 786 2875 recte
814 2817 930 2888 fiat,
957 2817 1036 2874 sic
1069 2818 1291 2874 ratione
1318 2825 1602 2895 peccetur,
1626 2818 1888 2876 alterum-

207 2914 318 2973 que
346 2903 404 2954 et
424 2915 458 2954 a
478 2897 674 2974 paucis
693 2904 753 2954 et
773 2916 917 2966 ram,
937 2896 1178 2954 alterum
1206 2903 1265 2954 et
1286 2898 1613 2974 saepissime
1635 2905 1693 2955 et
1714 2917 1748 2955 a
1767 2899 1889 2976 plu-

205 2976 382 3048 rimis,
403 2983 468 3034 ut
497 2977 674 3034 satius
701 2977 878 3035 fuerit
905 2975 1119 3033 nullam
1150 2977 1385 3035 omnino
1413 2977 1582 3035 nobis
1608 2997 1643 3034 a
1669 2978 1759 3036 dis
1787 2979 1889 3035 im-

205 3055 543 3114 mortalibus
570 3057 765 3114 datam
794 3075 914 3114 esse
935 3055 1215 3114 rationem
1240 3076 1409 3134 quam
1432 3064 1594 3114 tanta
1614 3077 1745 3116 cum
1768 3077 1888 3136 per-

205 3135 354 3194 nicie
387 3136 597 3194 datam.
692 3135 772 3196 Ut
798 3135 997 3193 vinum
1031 3137 1280 3212 aegrotis
1314 3137 1449 3214 quia
1479 3137 1715 3213 prodest
1742 3156 1887 3210 ram,
