2199 3546
861 496 1575 593 FRAGMENTA

983 699 1212 752 HUIUS
1248 700 1459 751 LIBRI

1194 803 1271 891 1.'

461 955 686 1015 Gellius
725 963 867 1015 noct.
905 954 1082 1015 Attio.
1114 955 1212 1015 lib.
1243 956 1381 1015 VII.
1424 950 1603 1033 (VI.),
1635 975 1756 1034 cap.
1796 962 1851 1029 2,
1882 954 1919 1035 ἓ
1967 962 2059 1016 15.

371 1035 576 1115 Itaque
603 1036 682 1095 M.
707 1036 910 1096 Cicero
938 1037 1000 1094 in
1027 1036 1194 1109 libro,
1220 1056 1391 1115 quem
1423 1036 1457 1064 ‘⁴
1473 1035 1545 1094 de
1574 1036 1698 1094 fato
1717 1036 1751 1064 ’⁹
1782 1038 2064 1115 conscrip-

372 1117 464 1190 sit,
496 1136 628 1177 cum
675 1117 1067 1195 quaestionem
1117 1118 1289 1175 istam
1338 1116 1554 1176 diceret
1601 1116 2063 1174 obscurissimam

371 1217 494 1256 esse
535 1204 596 1256 et
625 1197 1158 1276 implicatissimam,
1190 1196 1584 1275 Chrysippum
1619 1215 1847 1273 quoque
1880 1198 2065 1274 philo-

371 1278 619 1384 sophum
663 1297 782 1337 non
827 1278 1124 1356 expedisse
1169 1296 1228 1335 se
1272 1278 1331 1335 in
1377 1296 1445 1334 ea
1487 1276 1664 1334 refert
1707 1276 1799 1333 his
1841 1276 2059 1335 verbis·

373 1356 408 1385 “
427 1357 789 1437 Chrysippus
815 1365 1080 1416 aestuans
1099 1356 1477 1434 laboransque
1506 1374 1754 1433 quonam
1777 1362 1949 1434 pacto
1972 1376 2062 1415 ex-

369 1436 547 1514 plicet
574 1445 634 1496 et
660 1439 786 1496 fato
820 1437 1016 1496 omnia
1041 1436 1167 1496 fieri
1194 1443 1253 1495 et
1280 1456 1401 1495 esse
1435 1436 1697 1515 aliquid
1680 1455 1743 1494 1n
1770 1436 1995 1510 nobis,
1979 1457 2057 1496 1n·

368 1517 608 1576 tricatur
634 1517 746 1576 hoc
772 1516 1006 1576 modoss’

1172 1664 1247 1723 ΙΙ.

447 1790 781 1848 Macrobius
817 1787 1124 1848 Saturnal.
1155 1789 1253 1847 lib.
1288 1789 1415 1860 ΙΙΙ.,
1448 1808 1571 1866 cap.
1601 1794 1693 1860 16,
1726 1786 1760 1867 ξ
1793 1795 1826 1845 3
1859 1808 1940 1867 sq.
1967 1789 2055 1848 ed.

367 1869 487 1928 Ian.
572 1869 667 1941 Et,
699 1888 771 1927 ne
805 1870 972 1927 vilior
1005 1870 1080 1927 sit
1113 1870 1277 1926 testis
1310 1876 1505 1945 poeta,
1536 1869 1777 1947 accipite
1810 1869 2060 1927 adserto-

366 1969 427 2006 re
469 1949 745 2007 Cicerone
786 1949 847 2006 in
891 1968 1006 2026 quo
1050 1948 1269 2006 honore
1310 1949 1487 2006 fuerit
1535 1949 1631 2007 hic
1678 1949 1854 2026 piscis
1902 1950 2059 2026 apud

366 2029 432 2087 P.
451 2029 781 2106 Scipionem
800 2027 1141 2086 Africanum
1161 2027 1323 2086 illum
1343 2035 1401 2086 et
1418 2028 1857 2086 Numantinum.
1894 2028 2056 2087 Haeo

367 2117 502 2166 sunt
534 2111 594 2166 in
629 2108 913 2186 dialogo‘
919 2108 1024 2166 ‘de
1059 2108 1236 2166 fato”
1272 2107 1445 2167 verba
1485 2108 1807 2167 Ciceronis,
1854 2107 2056 2166 “Nam

365 2208 498 2247 cum
526 2195 675 2247 esset
701 2188 884 2266 apud
879 2208 939 2246 se
967 2188 1042 2246 ad
1063 2187 1405 2246 Lavernium
1428 2188 1624 2283 Scipio
1652 2207 1881 2282 unaque
1901 2189 2053 2247 Pon-

363 2271 496 2342 tius,
520 2268 744 2328 adlatus
777 2276 865 2327 est
896 2270 1050 2327 forte
1079 2268 1339 2364 Scipioni
1366 2270 1707 2347 accipenser,
1734 2270 1834 2348 qui
1862 2269 2057 2328 admo-

363 2351 503 2408 dum
536 2369 663 2408 raro
707 2349 945 2428 capitur,
971 2349 1072 2408 sed
1106 2359 1193 2409 est
1224 2350 1413 2429 pisciS,
1445 2358 1511 2408 ut
1543 2351 1757 2422 ferunt,
1788 2350 2053 2430 inprimis

362 2431 587 2489 nobilis.
666 2430 813 2489 Cum
845 2438 1036 2488 autem
1067 2430 1265 2508 Scipio
1294 2451 1473 2490 unum
1504 2437 1563 2488 et
1592 2430 1834 2488 alterum
1864 2449 1933 2487 ex
1961 2431 2050 2501 iis,

363 2511 463 2586 qui
503 2529 635 2567 eum
678 2510 989 2567 salutatum
1030 2518 1321 2582 venerant,
1352 2510 1709 2569 invitavisset
1750 2509 2054 2587 pluresque

361 2589 534 2645 etiam
564 2588 909 2645 invitaturus
941 2588 1283 2660 videretur,
1268 2610 1328 2647 m
1358 2608 1553 2647 aurem
1582 2588 1864 2647 Pontius:
1902 2587 2054 2646 ‘Sci-

359 2667 493 2746 pio’
528 2667 721 2745 inquit
755 2667 919 2726 ‘vide
963 2668 1104 2744 quid
1136 2687 1303 2745 agas:
1348 2669 1672 2746 accipenser
1705 2668 1813 2727 iste
1845 2687 2053 2747 pauco-

360 2767 487 2807 rum
515 2746 819 2806 hominum
848 2746 1005 2808 est.’'
991 2745 1027 2775 ''
