2199 3546
603 402 688 464 M.
737 403 1027 466 TULLII
1076 403 1543 465 CICERONIS

371 570 540 650 DE
604 569 1154 650 NATURA
1212 567 1790 648 DEORUM

788 740 900 813 AD
938 739 1018 814 M.
1058 696 1387 814 BRUTUM

591 902 920 966 LIBER
973 903 1575 966 SECUNDUS.

781 1135 1387 1186 ARGUMENTUM.

309 1235 408 1285 Hic
434 1235 557 1284 liber
581 1234 717 1284 brevi
743 1235 1014 1298 praemisso
1039 1235 1295 1298 prooemio
1322 1235 1544 1285 continet
1569 1235 1720 1285 Balbi
1746 1237 1810 1287 de
1835 1252 1925 1287 na-

242 1309 355 1350 tura
387 1301 592 1350 deorum
625 1301 1008 1364 disputationem
1043 1315 1111 1348 ex
1138 1309 1303 1350 mente
1331 1300 1625 1362 Stoicorum,
1649 1302 1734 1366 qui
1762 1311 1925 1352 totum

241 1366 406 1416 locum
434 1367 485 1415 in
519 1374 682 1428 partes
714 1375 946 1428 quattuor
978 1364 1280 1416 dividebant.
1351 1366 1577 1415 Primum
1611 1368 1746 1416 enim
1778 1368 1925 1416 doce-

243 1434 362 1481 bant
383 1447 491 1481 esse
511 1432 644 1491 deos,
666 1431 845 1480 deinde
867 1430 1040 1495 quales
1062 1441 1241 1492 essent,
1263 1440 1367 1479 tum
1392 1432 1635 1480 mundum
1658 1433 1721 1481 ab
1742 1433 1815 1481 eis
1837 1433 1924 1481 ad-

241 1497 525 1558 ministrari,
548 1507 796 1559 postremo
829 1497 1086 1544 consulere
1119 1511 1203 1544 eos
1232 1496 1372 1545 rebus
1394 1497 1640 1547 humanis,
1714 1498 1809 1546 His
1833 1499 1925 1558 igi-

241 1571 324 1611 tur
351 1571 584 1626 quattuor
612 1573 865 1624 tamquam
895 1561 1137 1623 capitibus
1164 1569 1271 1610 tota
1297 1561 1442 1610 Balbi
1470 1561 1741 1625 disputatio
1767 1564 1924 1612 conti-

243 1639 402 1677 netur.
476 1627 544 1675 Et
564 1627 726 1688 prima
750 1626 950 1689 quidem
979 1641 1092 1688 pars
1120 1641 1424 1690 quamquam
1458 1641 1521 1676 ne
1556 1641 1698 1688 egere
1723 1628 1925 1691 quidem

241 1693 466 1742 oratione
502 1692 656 1740 videri
690 1701 900 1754 poterat,
931 1700 1097 1740 tamen
1134 1692 1210 1740 his
1242 1694 1548 1753 argumentis
1580 1693 1918 1744 confirmatur.

243 1759 376 1809 Nam
404 1758 580 1822 primo,
603 1757 737 1821 quod
761 1757 981 1806 omnium
1010 1758 1322 1807 consentiens
1350 1757 1414 1806 sit
1436 1757 1499 1807 de
1525 1757 1602 1807 dis
1629 1759 1811 1823 opinio,
1836 1776 1925 1808 na-

243 1834 356 1873 tura
379 1824 574 1873 evidens
597 1824 662 1871 sit
683 1838 881 1871 necesse
903 1837 1024 1882 esse,
1045 1823 1226 1872 deinde
1247 1823 1365 1872 deos
1382 1824 1513 1885 ipsos
1538 1826 1815 1886 praesentia
1838 1840 1927 1875 sua

243 1900 293 1939 et
315 1889 528 1938 adventu
556 1904 668 1937 eam
697 1903 799 1936 rem
829 1888 1163 1947 confirmasse,
1188 1888 1547 1950 praedictiones
1568 1889 1689 1938 item
1715 1899 1765 1939 et
1788 1906 1925 1954 prae-

244 1955 494 2003 sensiones
522 1969 683 2002 rerum
713 1954 992 2001 futurarum
1018 1968 1126 2003 esse
1153 1954 1272 2001 deos
1299 1954 1528 2015 clamare,
1558 1956 1783 2005 omnium
1811 1972 1929 2007 vero

241 2021 466 2069 maxime
514 2021 690 2067 miram
733 2019 883 2067 totius
931 2018 1105 2067 mundi
1143 2019 1448 2079 varietatem,
1488 2020 1922 2083 pulchritudinem,

244 2086 471 2133 ordinem
515 2099 775 2147 rerumque
819 2085 1043 2132 omnium
1080 2084 1147 2132 ad
1188 2085 1453 2133 utilitatem
1491 2088 1921 2149 conspirationem.

245 2151 378 2211 Quin
413 2166 478 2199 ex
512 2150 619 2211 ipsa
652 2150 908 2198 hominum
942 2148 1159 2197 sollertia
1192 2149 1359 2211 colligi
1394 2166 1535 2212 posse
1567 2167 1674 2202 esse
1708 2152 1928 2217 aliquam

245 2224 462 2264 mentem
490 2214 722 2263 divinam.
797 2216 928 2262 Nam
957 2214 998 2262 si
1025 2226 1203 2275 cetera,
1234 2230 1361 2279 qnae
1385 2216 1439 2264 in
1466 2232 1670 2280 corpore
1697 2219 1811 2279 sint,
1839 2219 1926 2267 ali-

247 2281 378 2329 unde
405 2290 676 2340 sumantur,
697 2280 830 2327 aliud
858 2295 888 2326 a
916 2290 1058 2339 terra,
1081 2280 1214 2329 aliud
1244 2282 1307 2328 ab
1332 2296 1519 2341 umore,
1539 2283 1677 2331 aliud
1703 2285 1766 2331 ab
1793 2286 1923 2345 aere,
1990 2304 1999 2311 ·

245 2346 376 2393 aliud
402 2346 465 2393 ab
489 2345 610 2406 igni,
633 2345 874 2393 rationem
898 2345 1050 2393 etiam
1072 2346 1275 2395 aliunde
1300 2346 1568 2396 habeamus
1595 2364 1797 2397 necesse
1824 2364 1931 2398 esse

245 2422 311 2471 et,
333 2425 447 2458 cum
471 2421 634 2459 cetera
656 2411 824 2457 omnia
853 2410 1064 2458 mundus
1089 2411 1285 2473 habeat,
1312 2413 1444 2476 quod
1470 2413 1534 2462 sit
1556 2415 1777 2463 omnium
1803 2414 1929 2475 opti-

247 2491 399 2537 mum,
421 2475 472 2523 id
495 2476 657 2538 ipsum
684 2491 773 2522 cur
799 2490 895 2522 non
921 2475 1103 2524 habeat
1123 2477 1316 2527 ,nullam
1342 2492 1450 2527 esse
1478 2478 1735 2527 rationein.
1808 2480 1931 2529 Om-

247 2556 334 2589 nes
359 2555 501 2603 porro
529 2540 797 2588 concedere
823 2541 947 2589 nihil
973 2556 1069 2590 non
1101 2542 1249 2590 modo
1277 2557 1385 2591 esse
1414 2542 1602 2591 mundo
1628 2544 1821 2603 melius,
1842 2544 1930 2591 sed

247 2622 310 2653 ne
337 2605 546 2666 cogitari
568 2605 766 2667 quidem
790 2621 962 2667 posse:
1001 2621 1104 2669 qua
1131 2623 1198 2666 re,
1222 2623 1337 2656 cum
1367 2608 1556 2656 ratione
1583 2609 1705 2657 nihil
1734 2611 1800 2657 sit
1828 2624 1932 2657 me-

247 2671 356 2730 lius,
378 2685 438 2719 ea
463 2685 657 2734 quoque
677 2671 728 2718 in
757 2670 944 2719 mundo
969 2672 1086 2719 insit
1109 2686 1306 2720 necesse
1331 2688 1452 2733 esse,
1472 2674 1556 2736 qui
1579 2674 1797 2736 profecto
1831 2688 1928 2721 non

249 2746 410 2797 posset
433 2734 501 2783 ita
524 2736 753 2784 omnibus
769 2738 990 2799 partibus
1012 2737 1303 2796 consentire,
1324 2737 1418 2785 nisi
1438 2752 1536 2785 uno
1558 2739 1726 2787 divino
1747 2748 1797 2788 et
1815 2753 1932 2788 con·

208 2802 217 2809 '
250 2800 439 2847 tinuato
473 2801 648 2862 spiritu
681 2803 1029 2861 contineretur,
1055 2817 1162 2864 cap.
1188 2804 1299 2862 2-8,
1325 2801 1353 2861 §
1383 2805 1528 2852 1-22.
1604 2804 1698 2852 His
1732 2802 1932 2852 rationi-

250 2867 338 2912 bus
382 2865 693 2915 subiciuntur
736 2866 1183 2917 demonstrationes
1227 2868 1475 2930 physicae.
1564 2868 1739 2917 Prima
1782 2869 1931 2917 huius

249 2931 382 2978 modi
404 2941 506 2980 esta
572 2932 770 2991 Omnia,
793 2947 922 2996 qnae
944 2932 1141 2981 alantur
1161 2942 1212 2980 et
1233 2943 1470 2993 crescant,
1494 2948 1554 2981 ea
1576 2935 1932 2995 temperatione

249 2996 426 3043 caloris
460 2996 575 3044 oriri
602 3007 652 3044 et
679 2998 865 3058 augeri,
894 3012 1167 3059 omnesque
1194 3006 1357 3058 partes
1392 2998 1564 3047 mundi
1592 2999 1754 3048 calore
1783 3000 1931 3048 fultas

251 3062 495 3113 <ns-tinem.
520 3062 687 3125 itaque
714 3065 864 3110 etiam
891 3062 1136 3110 mundum
1162 3062 1309 3109 simili
1334 3062 1540 3127 parique
1568 3076 1747 3112 natura
1774 3080 1932 3112 serva·

251 3128 306 3174 ri.
383 3128 506 3176 Esse
544 3128 694 3188 igitur
731 3137 976 3180 naturam.
1009 3142 1137 3188 quae
1173 3142 1371 3175 omnem
1409 3128 1650 3177 mundum
1680 3130 1933 3179 contineat
