2199 3546
871 159 1408 212 ARGUMENTUM.
1950 162 1987 213 8

294 263 505 316 deorum
535 277 642 312 non
655 261 952 323 habeamus,
972 260 1153 312 deinde
1185 261 1321 324 quod
1346 259 1569 310 humana
1592 260 1755 310 forma
1787 260 1853 311 sit
1876 261 1988 324 pul-

293 329 557 388 cherrima,
579 327 725 378 tertio
747 327 887 390 quod
903 326 958 376 in
979 327 1079 375 alia
1102 326 1241 375 nulla
1264 326 1429 386 figura
1460 325 1767 376 domicilium
1801 328 1987 376 mentis

297 411 404 446 esse
420 395 592 458 possit.
637 393 826 456 Neque
843 399 1012 441 tamen
1029 407 1141 441 eam
1162 393 1377 453 speciem
1395 407 1572 456 corpus
1590 407 1713 452 esse,
1734 392 1823 441 sed
1844 394 1987 455 quusi

297 475 492 524 corpm,
511 473 728 522 eamque
738 471 840 506 non
863 472 1024 516 seusu,
1045 458 1133 506 sed
1152 466 1321 506 mente
1338 457 1490 520 cerni,
1510 471 1603 506 nec
1622 457 1873 506 soliditate
1895 473 1987 508 nee

297 527 364 580 ad
391 539 666 585 numerum,
687 523 777 573 sed
803 523 1101 584 imaginibus
1130 523 1455 571 similitudine
1480 533 1531 572 et
1560 524 1853 571 transitione
1878 538 1988 585 per-

298 592 470 655 ceptis,
543 590 720 638 vitam
745 597 916 638 autem
942 589 1149 638 deorum
1182 603 1291 637 esse
1324 589 1661 637 beatissimam
1687 597 1739 636 et
1760 589 1988 638 omnibus

297 657 442 706 bonis
463 655 763 704 adfluentem
783 672 798 703 ς
835 654 962 702 nihil
987 653 1124 704 enim
1150 668 1311 714 agere,
1334 667 1426 702 sua
1452 654 1633 702 virtute
1664 661 1717 702 et
1746 654 1989 715 sapientia

297 722 514 784 gaudere
536 730 588 771 et
611 720 790 770 habere
811 719 1129 783 exploratum
1150 719 1259 768 fore
1280 733 1333 766 se
1354 731 1549 781 semper
1570 719 1621 766 in
1647 718 1881 767 maximis
1904 734 1989 766 ro-

299 787 588 851 luptatibus,
609 801 718 848 cap.
739 787 917 846 18-20,
939 783 968 842 ἓ
991 785 1171 833 46-56.
1246 783 1345 832 His
1366 785 1607 848 expositis
1628 791 1802 831 contra
1823 784 1988 845 dispu-

299 860 376 902 tat
402 853 568 913 Cotta,
587 865 690 900 non
719 859 776 900 ut
802 849 990 914 aliquid
1021 850 1128 912 ipse
1154 849 1402 908 decernat,
1418 849 1507 899 sed
1535 858 1591 898 ut
1613 849 1857 912 Epicurea
1890 850 1990 897 dis-

299 917 477 978 solvat,
497 931 658 980 neque
680 916 817 979 quod
841 923 990 976 neget
1011 929 1121 964 esse
1146 914 1281 976 deOS,
1306 915 1393 964 sed
1418 915 1553 978 quod
1578 915 1840 976 rationem,
1863 927 1989 976 quae

299 983 571 1040 adferatur,
589 981 788 1030 firmam
823 995 926 1029 non
957 988 1115 1044 putet.
1192 981 1326 1028 Nam
1366 987 1729 1042 argumentum,
1758 980 1892 1043 quod
1926 981 1989 1028 ab

300 1049 525 1098 omnium
560 1047 818 1096 hominnm
853 1061 1098 1095 consensu
1137 1053 1350 1108 petatur,
1372 1059 1490 1095 cum
1522 1045 1630 1095 leve
1667 1056 1755 1108 per
1794 1061 1849 1094 se
1881 1056 1990 1094 tum

301 1115 452 1163 etiam
473 1113 654 1162 falsum
676 1126 798 1173 esse,
819 1127 924 1174 cap.
945 1113 1125 1173 21-23‚
1146 1110 1173 1170 ξ
1193 1113 1372 1161 57-64.
1428 1111 1529 1162 Sed
1550 1112 1669 1160 deos
1687 1125 1794 1160 esse
1816 1125 1991 1160 conce-

302 1179 354 1228 di
376 1193 546 1241 posse:
579 1177 702 1226 illud
725 1177 891 1227 doceri
913 1192 966 1225 se
983 1177 1124 1236 velle,
1146 1177 1277 1226 unde
1299 1177 1415 1237 sint,
1434 1177 1520 1225 ubi
1542 1177 1656 1237 sint,
1678 1177 1845 1239 quales
1870 1177 1984 1236 sint,

301 1245 366 1294 ad
381 1259 508 1307 quae
523 1243 692 1295 omnia
713 1243 892 1291 atomis
909 1242 1044 1290 abuti
1064 1243 1350 1306 EpicureOS,
1369 1251 1493 1304 quas
1517 1251 1665 1302 negat
1685 1242 1845 1304 primo
1863 1242 1990 1291 ullas

301 1324 426 1369 esse,
446 1309 580 1372 quod
605 1307 770 1356 nullus
804 1309 870 1356 sit
903 1308 1189 1370 corporibus
1210 1319 1397 1358 vacuus
1418 1307 1570 1368 locus,
1584 1307 1781 1369 deinde,
1802 1309 1843 1356 si
1870 1307 1984 1369 sint,

302 1375 429 1424 effici
454 1383 508 1422 ut
530 1374 720 1422 aeterni
741 1373 793 1422 di
820 1387 920 1422 non
949 1374 1050 1422 sint
1076 1382 1128 1422 et
1149 1373 1349 1422 interire
1372 1374 1577 1436 possint,
1597 1387 1697 1436 quo
1720 1373 1991 1422 constituto

301 1439 659 1488 beatitudinem
687 1438 894 1488 deorum
921 1437 1042 1487 tolli.
1117 1439 1201 1487 Ad
1227 1438 1355 1487 hanc
1378 1439 1809 1502 reprehensionem
1832 1439 1989 1486 vitan-

302 1506 421 1553 dam
445 1505 589 1570 qnasi
617 1519 793 1566 corpus
817 1513 868 1552 et
895 1505 1038 1567 quasi
1073 1505 1368 1565 sanguinem
1402 1504 1687 1564 excogitata
1720 1519 1843 1565 esse,
1865 1519 1991 1566 quae

302 1571 421 1634 quid
437 1571 536 1618 sint
551 1569 802 1618 neminem
816 1583 958 1632 posse
973 1568 1271 1629 intellegere,
1286 1585 1391 1632 cap.
1415 1573 1593 1629 23-26‚
1610 1566 1637 1628 ἓ
1654 1571 1832 1618 65-74.
1871 1569 1991 1629 Qni-

301 1637 393 1684 bns
425 1645 596 1684 autem
617 1635 890 1683 rationibus
915 1634 1135 1682 humana
1155 1635 1317 1683 forma
1341 1635 1418 1684 dis
1446 1635 1752 1696 adsumatur,
1772 1650 1856 1683 eas
1881 1635 1991 1682 nnl-

302 1702 403 1750 lam
436 1701 538 1749 vim
576 1701 770 1750 habere.
853 1700 986 1750 Nam
1023 1699 1157 1762 quod
1195 1715 1368 1750 omnes
1402 1701 1505 1750 fere
1539 1701 1765 1748 homines
1794 1709 1993 1763 praeter

302 1767 575 1831 Aegyptios
597 1776 648 1816 et
669 1781 850 1829 paucas
869 1765 970 1815 fere
992 1766 1117 1814 alias
1138 1776 1329 1829 genteS,
1347 1782 1458 1815 eam
1477 1767 1685 1815 formam
1705 1765 1783 1815 dis
1806 1766 1991 1827 cogita-

301 1832 437 1881 tione
459 1832 733 1893 adfingant,
751 1831 806 1880 id
828 1846 926 1879 non
951 1846 983 1879 a
1006 1840 1183 1880 natura
1204 1832 1311 1881 esse
1335 1832 1624 1895 profectum,
1651 1832 1737 1881 sed
1764 1842 1851 1881 aut
1873 1846 1988 1881 con-

301 1898 412 1945 silio
437 1897 653 1945 humano
679 1906 768 1945 aut
801 1897 1136 1959 superstitioni
1162 1913 1195 1945 a
1215 1898 1499 1963 pictoribuS,
1520 1898 1693 1960 poetiS,
1718 1898 1986 1948 artificibus

300 1962 624 2011 confirmatae
646 1962 840 2012 deberi:
872 1965 1034 2025 neque
1051 1978 1118 2011 ex
1140 1978 1217 2023 ee,
1237 1963 1369 2026 quod
1384 1963 1663 2012 hominibus
1686 1964 1815 2013 nihil
1828 1966 1985 2014 homi-

300 2043 365 2077 ne
387 2027 638 2089 pulchrius
663 2042 770 2077 esse
785 2027 1028 2086 videatur,
1049 2030 1283 2090 consequi
1306 2042 1359 2076 re
1376 2042 1493 2077 vera
1513 2028 1638 2077 nihil
1660 2044 1768 2078 esse
1785 2032 1987 2081 homine

299 2094 552 2157 pulchrius
573 2112 585 2142 ς
625 2108 724 2141 non
743 2093 876 2142 enim
895 2092 1102 2140 dubium
1122 2106 1229 2141 esse
1250 2094 1370 2156 quin
1388 2093 1541 2143 etiam
1560 2094 1672 2143 bovi
1696 2095 1820 2143 nihil
1840 2097 1981 2157 bove,

301 2158 413 2207 cani
442 2159 563 2206 nihil
592 2173 716 2208 cane
743 2154 997 2221 pulchrius
1021 2158 1260 2207 videatur.
1337 2160 1567 2222 Denique
1593 2161 1835 2210 incertum
1864 2160 1988 2211 illud

300 2238 423 2283 esse,
444 2225 577 2287 quod
603 2237 849 2287 nusquam
875 2222 970 2271 nisi
996 2222 1049 2270 in
1077 2223 1238 2283 figura
1262 2223 1479 2273 humana
1507 2226 1635 2275 ratio
1664 2236 1813 2290 atqne
1836 2228 1989 2277 etiam

299 2289 555 2338 beatitudo
577 2290 744 2338 locum
763 2289 945 2337 habere
964 2288 1201 2338 videatur.
1260 2291 1433 2352 Neque
1456 2292 1606 2351 enim,
1632 2293 1763 2355 quod
1784 2293 1832 2340 in
1852 2294 1991 2342 nulla

300 2355 400 2403 alia
417 2355 578 2416 figura
597 2355 840 2403 rationem
863 2350 1149 2414 viderimus,
1170 2360 1429 2418 propterea
1450 2357 1502 2403 in
1530 2358 1669 2405 nulla
1696 2372 1803 2407 esse
1822 2374 1982 2421 posse.

301 2419 448 2479 Quod
483 2435 658 2469 sensus
691 2435 791 2469 non
824 2419 1018 2479 doceat,
1039 2419 1281 2469 rationem
1310 2422 1499 2471 docere.
1577 2424 1710 2471 Nam
1736 2424 1779 2471 si
1800 2424 1990 2473 nullum

301 2484 378 2533 dis
407 2486 675 2545 negotium,
697 2482 830 2548 quod
857 2486 1082 2537 membra
1114 2488 1334 2549 corporis
1358 2487 1563 2536 humani
1600 2489 1837 2551 requirat,
1866 2490 1991 2538 nihil

298 2550 534 2598 membris
572 2552 850 2613 opus'esse,
879 2565 984 2612 cap.
1015 2552 1195 2610 ‘la-37,
1218 2551 1247 2610 ξ
1278 2554 1487 2601 75-102.
1587 2553 1697 2601 Iam
1729 2554 1782 2601 in
1816 2556 1991 2604 ceteris

299 2615 451 2663 etiam
470 2615 855 2677 quaestionibus,
877 2615 940 2663 de
957 2614 1221 2678 domicilio,
1244 2616 1306 2666 de
1322 2618 1441 2678 vita,
1460 2618 1523 2667 de
1546 2618 1853 2667 beatitudine
1876 2621 1990 2669 deo-

299 2694 408 2728 rum
433 2680 515 2728 lab
547 2694 656 2729 rare
675 2678 972 2743 Epicuream
996 2682 1270 2729 rationem:
1304 2683 1493 2731 nullam
1514 2684 1563 2731 in
1588 2684 1665 2731 dis
1688 2685 1990 2734 soliditatem

245 2759 266 2803 J
299 2760 407 2793 esse
435 2760 526 2793 nee
558 2745 624 2794 ad
651 2760 922 2809 munerum⁶
940 2760 1232 2808 permanere
1257 2748 1369 2796 illos
1402 2748 1579 2809 dicere,
1602 2748 1690 2797 sed
1718 2750 1989 2811 imaginum

301 2810 543 2858 similitud
564 2826 627 2860 ne
649 2820 700 2861 et
721 2812 1014 2860 transitione
1040 2813 1241 2875 percipi.
1316 2814 1428 2863 Iam
1456 2814 1497 2861 si
1531 2814 1667 2861 nulla
1693 2814 1899 2863 deorum
1927 2817 1991 2865 sit

301 2874 524 2922 soliditas
577 2884 598 2924 t
620 2877 906 2936 eminentia,
926 2876 1050 2924 nihil
1072 2876 1307 2927 interesse
1327 2889 1493 2927 utrum
1512 2879 1577 2927 de
1599 2880 1692 2927 deo
1714 2895 1779 2928 an
1803 2880 1865 2929 de
1883 2882 1991 2943 hip-

299 2947 543 3003 pocentau
625 2942 916 3005 disputetur,
936 2941 1213 3005 meritoque
1236 2943 1355 2992 deos
1379 2944 1443 2992 ad
1468 2958 1551 2991 eas
1574 2944 1990 2995 conformationes

300 3006 486 3066 referri,
508 3022 541 3069 q
580 3008 594 3054 i
629 3015 796 3055 motus
831 3007 1002 3054 inanes
1037 3007 1359 3069 appellentur.
1434 3008 1581 3069 Quod
1615 3010 1657 3055 si
1691 3009 1989 3070 imaginibus

299 3070 511 3119 deorum
541 3088 574 3133 p
592 3073 800 3121 ilsentur
826 3072 995 3131 animi,
1018 3086 1326 3135 quamquam
1359 3080 1466 3122 tota
1500 3088 1579 3121 res
1612 3088 1679 3121 nu
1716 3076 1875 3124 atoria
1902 3077 1983 3137 sit,

301 3145 469 3185 tamen
497 3139 684 3202 qu'cics
716 3137 980 3186 dumtaxat
1006 3138 1137 3186 obici
1164 3139 1358 3198 animis,
1382 3153 1483 3187 non
1506 3154 1622 3187 vero
1650 3154 1677 3187 c
1728 3156 1739 3167 ·
1764 3156 1853 3189 eae
1876 3141 1989 3190 bea-

299 3212 384 3249 tae
408 3203 508 3251 sint
541 3209 626 3260 ant
653 3214 902 3259 aeternae,
923 3202 1016 3251 etsi
1041 3203 1118 3251 vel
1154 3204 1375 3253 maximo
1408 3204 1983 3264 continenterxferantur.

585 3269 594 3293 l

587 3294 606 3341 ἱ,
1004 3299 1010 3304 ·
1747 3301 1773 3365 χ

1775 3376 1787 3395 X
