2199 3546
436 158 576 209 LIB.
607 157 676 220 1.,
699 157 856 208 CAP.
883 157 1452 221 XXXV1.-xxx1x.‚
1480 156 1509 218 5
1547 161 1787 210 102-109.
1886 163 1951 210 39

263 259 398 320 dem
443 259 568 318 est?
648 259 799 318 Nam
845 259 894 317 si
926 267 1155 318 tantum
1192 259 1383 321 modo>
1422 259 1499 318 ad
1538 261 1953 338 cogitationem

263 340 457 396 valent
504 359 608 396 nec
655 339 872 398 habent
919 339 1092 398 ullam
1144 340 1492 398 soliditatem
1542 360 1647 398 nec
1702 341 1955 399 eminen-

233 415 426 489 tiam,
458 419 600 496 quid
629 419 868 477 interest
901 427 1095 477 utrum
1138 420 1211 476 de
1253 419 1731 496 Hippocentauro
1773 441 1847 478 an
1881 422 1953 478 de

263 498 374 556 deo
425 499 780 590 cogitemus?
835 518 1069 557 omnem
1118 499 1273 556 enim
1322 501 1497 557 talem
1546 501 1955 558 conformatio-

264 597 398 635 nem
432 579 610 635 animi
644 579 817 636 ceteri
844 578 1179 657 philosophi
1212 585 1440 637 motum
1467 580 1696 638 inanem
1726 587 1951 652 vocant,

265 677 368 715 vos
399 665 592 716 autem
627 659 988 717 adventum
973 678 1032 715 1n
1067 659 1293 716 animos
1328 665 1387 716 et
1414 659 1718 718 introitum
1752 660 1956 752 imagi-

265 756 406 795 num
441 737 648 796 dicitis.
737 743 868 796 106.
914 737 1003 797 Ut
1030 739 1225 815 igitur,
1249 738 1338 796 Ti.
1363 739 1686 797 Gracchum
1714 759 1846 797 cum
1876 739 1956 796 vi-

265 817 407 874 deor
432 818 866 875 contionantem
894 818 952 874 in
982 817 1275 896 Capitolio
1297 819 1491 877 videre
1518 819 1591 877 de
1613 819 1691 876 M.
1712 819 1953 878 Octavio

265 897 621 954 deferentem
669 896 930 968 sitellam,
966 905 1092 955 tum
1138 917 1270 956 eum
1315 905 1544 956 motum
1592 899 1772 959 animi
1819 898 1953 956 dico

266 996 388 1034 esse
421 977 670 1048 inanem,
700 985 767 1034 tu
807 984 1000 1035 autem
1034 985 1094 1035 et
1125 977 1371 1036 Gracchi
1404 985 1464 1037 et
1496 979 1723 1037 Octavii
1754 979 1957 1055 imagi-

266 1075 368 1114 nes
400 1075 708 1128 remanere,
735 1076 897 1134 quae,
925 1057 986 1115 in
1020 1057 1374 1134 Capitolium
1409 1077 1539 1116 cum
1574 1059 1952 1134 pervenerint,

265 1144 392 1194 tum
427 1135 504 1192 ad
535 1136 792 1194 animum
825 1155 1021 1194 meum
1055 1138 1392 1209 referantur,
1416 1137 1529 1195 hoc
1555 1138 1713 1196 idem
1740 1137 1907 1195 fieri
1891 1157 1953 1194 1n

267 1215 395 1286 deO,
420 1216 582 1273 cuius
613 1215 810 1274 crebra
840 1217 990 1275 facie
1022 1216 1311 1295 pellantur
1350 1217 1547 1288 animi,
1572 1237 1641 1276 ex
1683 1236 1798 1294 quo
1832 1237 1956 1275 esse

268 1294 422 1353 beati
462 1301 634 1373 atque
675 1297 892 1354 aeterni
923 1296 1346 1374 intellegantur.
1436 1297 1567 1354 107.
1612 1297 1771 1355 Fac
1755 1297 1957 1374 lmagi·

266 1394 370 1432 nes
414 1394 534 1433 esse
577 1375 786 1452 quibus
829 1375 1130 1453 pulsentur
1170 1377 1367 1448 animi,
1398 1376 1615 1454 species
1655 1377 1958 1434 dumtaxat

269 1453 518 1512 obicitur
559 1455 856 1532 quaedam,
892 1475 1008 1512 non
1052 1457 1229 1514 etiam
1272 1475 1375 1514 cur
1412 1475 1481 1514 ea
1520 1455 1687 1514 beata
1734 1456 1825 1527 sit,
1857 1475 1959 1513 cur

268 1541 512 1592 aeterna.
597 1533 758 1603 Quae
810 1542 1002 1593 autem
1054 1535 1198 1594 istae
1253 1535 1535 1613 imagines
1582 1543 1799 1593 vestrae
1856 1541 1957 1592 aut

268 1614 460 1672 unde?
532 1613 592 1671 A
617 1614 956 1672 Democrito
985 1617 1225 1672 omnino
1253 1615 1395 1673 haec
1422 1615 1669 1673 licentia.
1754 1614 1871 1673 Sed
1898 1621 1959 1672 et

268 1693 363 1752 ille
393 1693 767 1770 reprehensus
794 1714 830 1752 a
854 1694 1055 1752 multis
1082 1701 1171 1752 est
1198 1714 1304 1752 nec
1325 1715 1427 1752 vos
1449 1695 1669 1752 exitum
1696 1693 1959 1770 reperitis

267 1781 508 1852 totaque
536 1794 624 1833 res
646 1773 1269 1847 Ql-atAt-clmidicat.
1354 1775 1508 1833 Nam
1532 1773 1671 1851 quid
1694 1782 1781 1831 est
1802 1772 1961 1851 quod

271 1854 464 1911 minus
503 1854 734 1931 probari
775 1854 960 1930 possit
993 1873 1163 1931 quam
1210 1854 1470 1911 omnium
1512 1854 1574 1909 in
1615 1873 1709 1911 me
1750 1852 1962 1911 incide-

273 1952 340 1989 re
391 1933 686 2009 imagineS,
723 1933 984 2003 Homeri,
1028 1932 1382 2004 Archilochi,
1426 1932 1679 2003 Romuli,
1715 1931 1958 2003 Numae,

275 2011 660 2089 Pythagorae,
685 2011 962 2080 Platonis,
986 2030 1090 2069 nec
1120 2031 1187 2069 ea
1212 2013 1419 2084 forma,
1439 2031 1553 2089 qua
1578 2012 1661 2069 illi
1689 2013 1957 2070 fuerunt.
1941 2013 1962 2055 ²

275 2091 408 2159 Quo
457 2091 636 2148 modo
683 2110 822 2167 ergo
870 2090 994 2148 illi?
1055 2098 1116 2148 et
1164 2109 1410 2168 quorum
1458 2092 1779 2169 imagines?
1859 2093 1963 2151 Or-
2034 2120 2041 2127 ·
2148 2137 2158 2147 .

273 2170 490 2250 pheum
518 2175 755 2247 poetam
785 2170 955 2228 docet
982 2170 1325 2228 Aristoteles
1351 2190 1666 2249 numquam
1692 2172 1873 2229 fuisse
1901 2179 1962 2231 et

272 2252 386 2308 hoc
419 2250 739 2327 Orphicum
780 2268 1008 2308 carmen
1043 2248 1399 2328 Pythagorei
1432 2252 1629 2310 ferunt
1662 2252 1959 2311 cuiusdam

272 2331 454 2388 fuisse
487 2329 774 2407 CercopiS.
858 2330 944 2387 At
975 2330 1259 2407 OrpheuS,
1281 2331 1343 2388 id
1378 2337 1481 2403 est,
1504 2332 1697 2409 imago
1731 2332 1871 2403 eiuS,
1897 2338 1961 2389 ut

274 2430 376 2468 vos
411 2409 646 2481 vultiS,'
631 2428 690 2467 m
735 2410 994 2467 animum
1037 2429 1234 2467 meum
1280 2430 1446 2489 saepe
1483 2412 1735 2469 incurrit.
1825 2417 1957 2469 108.

274 2489 448 2559 Quid,
469 2489 628 2566 quod
655 2489 910 2550 eiusdem
937 2489 1191 2548 hominis
1223 2490 1284 2547 in
1318 2510 1511 2549 meum
1547 2491 1705 2562 aliae,
1729 2490 1873 2548 aliae
1900 2490 1960 2547 in

273 2570 478 2628 tuum?
520 2568 677 2645 quid,
699 2570 856 2647 quod
879 2588 1072 2627 earum
1102 2589 1310 2641 rerum,
1332 2590 1476 2648 quae
1498 2589 1813 2647 numquam
1842 2588 1964 2626 om-

276 2650 414 2707 nino
462 2648 700 2707 fuerunt
745 2668 932 2726 neque
981 2668 1103 2707 esse
1149 2656 1481 2726 potuerunt,
1516 2658 1583 2707 ut
1625 2649 1865 2726 Scyllae,
1893 2656 1963 2706 ut

276 2728 650 2786 Chimaerae?
691 2729 846 2806 quid,
879 2728 1038 2806 quod
1079 2729 1400 2800 hominum,
1430 2729 1705 2798 locorum,
1730 2728 1961 2786 urbium

275 2827 489 2879 earum,
525 2826 668 2883 quas
708 2827 1024 2885 numquam
1061 2808 1345 2865 vidimus?
1389 2808 1545 2885 quid,
1582 2807 1756 2886 quod,
1792 2807 1961 2863 simul

277 2906 342 2945 ac
390 2887 537 2944 mihi
585 2886 926 2946 collubitum
975 2894 1078 2957 est,
1114 2894 1343 2964 praesto
1393 2893 1481 2944 est
1523 2888 1754 2962 imago?
1804 2886 1960 2961 quid,

279 2967 440 3043 quod
499 2967 674 3024 etiam
743 2966 818 3023 ad
878 2967 1263 3024 dormientem
1323 2967 1564 3024 veniunt
1630 2965 1964 3022 invocatae?

279 3046 430 3104 Tota
483 3065 587 3117 reS,
624 3045 827 3119 Vellei,
871 3045 1177 3137 nugatoria
1232 3052 1335 3103 est.
1420 3045 1545 3102 Vos
1600 3049 1792 3099 autem
1846 3059 1966 3097 non

277 3127 456 3184 modo
503 3125 683 3183 oculis
726 3125 1023 3218 imagineS,
1056 3125 1158 3181 sed
1192 3125 1365 3181 etiam
1413 3121 1618 3179 animis
1650 3119 1964 3176 inculcatis.

281 3205 468 3265 Tanta
495 3212 584 3264 est
609 3205 926 3282 impunitas
953 3202 1260 3280 garriendi.
1344 3198 1635 3259 XXXIX.
1716 3202 1848 3253 109.
1884 3196 1969 3253 At

1922 3467 1949 3501 A
