2199 3546
209 157 304 206 156
730 155 832 206 DE
865 134 1367 205 mva‘rroNE.

209 274 336 315 rum
377 251 572 333 regem
614 257 1099 314 commemorem?
1148 250 1256 334 qui'
1290 253 1436 312 nihil
1468 273 1746 333 umquam
1787 255 1902 313 nisi

209 336 503 414 auspicato
531 337 696 412 gerit.
775 335 889 405 Qui
918 355 1049 394 cum
1079 355 1148 394 ex
1178 336 1383 394 itinere
1410 335 1663 413 quodam
1692 355 1903 413 propo-

209 418 340 488 site,
371 417 552 474 etiam·
587 416 903 474 constit-uto
946 417 1271 474 revertisset
1302 415 1527 494 aquilae
1566 415 1902 474 admonitus

209 497 422 569 volatu,
452 495 719 554 conclave
753 495 911 568 illud,
943 495 1044 554 ubi
1075 502 1199 554 erat
1229 513 1549 568 mansurus„
1580 495 1630 553 si
1662 496 1745 554 ire
1778 513 1905 574 per-

209 577 462 647 rexisset,
499 576 764 653 proxima
791 582 965 634 noct-e
1007 576 1239 634 corruit.
1324 575 1418 634 27.
1465 575 1685 654 Itaque,
1722 582 1790 634 ut
1832 595 1903 634 ex

209 657 338 734 ipso
373 655 694 728 audiebam,
716 674 988 734 persaepe
1020 656 1258 714 revertit
1284 675 1355 714 ex
1375 656 1597 727 itinere,
1623 675 1756 714 cum
1783 656 1901 714 iam

209 755 543 815 progressus
563 743 717 794 esset
737 735 1054 794 multorum
1081 735 1306 794 dierum
1333 736 1502 794 viam.
1579 736 1759 794 Cuius
1782 737 1906 814 qui-

144 855 150 862 .
211 817 344 874 dem
387 816 498 874 hoc
538 814 1053 894 praeclarissimum
1085 823 1192 890 est,
1228 816 1386 895 q-uod
1417 822 1621 894 postea
1653 835 1826 894 quam
1870 835 1907 874 a

211 897 452 954 Caesare
493 896 815 968 tetrarchia,
849 915 1028 974 regno
1071 897 1429 990 pecuniaque
1476 896 1755 954 multatus
1796 903 1903 968 est,

213 984 388 1054 negat
434 995 494 1034 se
541 982 736 1034 tamen
785 995 983 1034 eorum
1034 977 1439 1054 auspiciorum,
1476 993 1622 1054 quae
1670 975 1781 1033 sibi
1828 937 1906 1034 ad

213 1056 560 1133 Pompeium
594 1055 980 1132 proficiscenti
1013 1057 1267 1115 secunda
1305 1057 1617 1128 evenerint,
1648 1056 1908 1134 poenite-

213 1157 302 1194 re.
289 1155 302 1170 ·
347 1143 576 1194 senatus
609 1136 765 1194 enim
798 1136 1201 1195 auctoritatem
1234 1143 1295 1195 et
1326 1135 1531 1215 populi
1562 1135 1811 1195 Romani
1840 1137 1905 1193 li·

212 1216 495 1276 bertatem
535 1223 710 1293 atque
749 1217 979 1294 imperii
1019 1217 1367 1294 dignitatem
1408 1217 1527 1276 suis
1564 1217 1741 1274 armis
1780 1235 1907 1274 esse

213 1297 528 1368 defensam,
559 1296 784 1374 sibique
822 1315 918 1354 eas
945 1316 1092 1369 aveS,
1118 1297 1327 1376 quibus
1358 1295 1687 1356 auctoribus
1731 1295 1909 1368 offici-

215 1397 311 1435 um
343 1384 402 1435 et
428 1375 603 1434 fidem
631 1383 860 1436 secutus
887 1384 1050 1450 esset,
1069 1377 1216 1436 bene
1239 1377 1625 1436 consuluisse:
1658 1377 1909 1454 antiqui-

216 1476 375 1515 orem
419 1456 576 1514 enim
619 1457 730 1516 sibi
769 1457 949 1516 fuisse
992 1458 1449 1536 possessionibus
1491 1458 1608 1516 suis
1638 1456 1905 1535 gloriam.

217 1537 322 1596 Ille
353 1536 501 1594 mihi
535 1537 762 1596 videtur
793 1539 972 1616 igitur
1004 1557 1135 1598 vere
1166 1539 1449 1616 augurari.
1534 1537 1689 1596 Nam
1720 1536 1910 1595 nostri

217 1617 452 1696 quidem
493 1619 862 1695 magistratus
902 1619 1172 1696 auspiciis
1204 1625 1448 1677 utuntur
1479 1619 1708 1677 coactis,
1793 1617 1854 1674 N
1854 1637 1911 1674 e-

217 1715 372 1756 cesse
413 1698 568 1756 enim
609 1705 698 1756 est
738 1699 858 1756 offa
884 1698 1113 1757 obiecta
1144 1699 1344 1756 cadere
1376 1698 1630 1757 frustum
1658 1717 1729 1756 ex
1760 1696 1910 1777 pulli

218 1798 332 1851 ore,
356 1798 490 1837 cum
517 1779 784 1857 pascitur.
871 1784 965 1838 28.
1011 1779 1183 1849 Quod
1209 1786 1402 1837 autem
1432 1780 1708 1858 scriptum
1736 1778 1910 1837 habc-

217 1859 295 1917 tis
325 1860 648 1937 tripudium
679 1858 820 1931 fieri,
851 1860 901 1917 si
931 1879 1004 1917 ex
1037 1878 1105 1917 ea
1136 1860 1278 1937 quid
1304 1860 1367 1918 in
1396 1860 1583 1917 solum
1617 1859 1906 1930 ceciderit,

217 1939 330 1997 hoc
379 1959 626 2018 quoque,
657 1940 815 2019 quod
850 1940 990 2012 dixi,
1021 1948 1287 1999 coactum
1328 1940 1653 2017 tripudium
1700 1938 1912 1997 solisti-

217 2039 380 2078 mum
409 2020 616 2078 dicitiS.
702 2020 906 2098 Itaque
928 2020 1117 2079 multa
1142 2020 1395 2097 auguria,
1419 2020 1603 2078 mult-a
1634 2019 1907 2096 auspicia,

221 2100 379 2177 quod
409 2100 558 2157 Cato
591 2098 687 2157 ille
719 2102 947 2178 sapiens
981 2101 1253 2180 queritur,
1284 2100 1648 2179 neglegentia
1679 2098 1913 2177 collegii

220 2180 429 2237 amissa
453 2179 623 2257 plane
650 2187 710 2238 et
735 2180 961 2239 deserta
987 2187 1137 2240 sunt.

302 2258 470 2318 XVI.
516 2259 680 2317 Nihil
712 2259 834 2319 fere
869 2261 1163 2337 quondam
1196 2260 1431 2318 maioris
1462 2260 1547 2319 rei
1577 2260 1691 2317 nisi
1721 2258 1913 2337 auspi-

222 2346 372 2411 cat0‚
409 2358 483 2396 ne
531 2340 801 2415 privatim
847 2340 1098 2418 quidem,
1140 2340 1475 2418 gerebatur:
1528 2339 1685 2418 quod
1728 2340 1912 2397 etiam

221 2438 376 2478 nunc
419 2420 754 2496 nuptiarum
797 2420 1056 2498 auspices
1099 2421 1407 2493 declarant,
1448 2421 1550 2498 qui
1592 2439 1653 2478 re
1697 2418 1917 2477 omissa

223 2518 436 2557 nomen
467 2506 696 2557 tantum
729 2506 943 2559 tenent.
1028 2500 1183 2559 Nam
1212 2508 1280 2559 ut
1307 2520 1458 2558 nunc
1486 2500 1917 2577 extis——quam-

224 2598 399 2658 quam
420 2569 519 2638 id
502 2599 693 2656 ipsum
716 2580 1009 2674 aliquanto
1036 2582 1229 2639 minus
1256 2600 1430 2659 quam
1458 2579 1761 2638 olim—sic
1782 2585 1917 2636 tum

224 2660 426 2718 avibus
457 2679 702 2737 magnae
733 2680 822 2719 res
854 2662 1137 2739 impetriri
1170 2661 1445 2721 solebant.
1531 2660 1753 2738 Itaque,
1776 2658 1917 2715 sini-

223 2747 342 2797 stra
373 2740 513 2797 dum
541 2759 660 2797 non
688 2741 1054 2817 exquirimus,
1077 2742 1141 2798 in
1168 2742 1295 2799 dira
1320 2749 1380 2800 et
1404 2741 1467 2799 in
1494 2740 1704 2799 vitiosa
1728 2739 1920 2797 incur-

226 2820 420 2878 rimus
507 2825 600 2878 29.
645 2820 734 2881 Ut
755 2820 821 2878 P.
847 2820 1122 2878 Claudius
1148 2820 1333 2898 Appii
1358 2820 1511 2879 filius
1536 2821 1774 2898 eiusque
1800 2817 1923 2877 col-

225 2899 355 2977 lega
382 2899 444 2957 L.
469 2899 670 2958 Iunius
703 2900 906 2959 classes
939 2901 1220 2958 maximas
1251 2900 1641 2978 perdiderunt,
1665 2917 1799 2958 cum
1833 2898 1921 2956 vi-

224 2980 312 3037 tio
359 2979 736 3057 navigassent.
823 2979 994 3049 Quod
1041 2981 1247 3039 eodem
1295 2981 1473 3038 modo
1520 2981 1713 3039 evenit
1758 2980 1923 3057 Aga.-

226 3060 556 3118 memnoni.
599 3060 700 3135 qui
727 3077 858 3117 cum
885 3058 1097 3117 Achivi
1126 3060 1449 3139 coepissent

347 3161 510 3211 ,inter
531 3177 585 3211 se
606 3174 823 3224 strepere
843 3170 1111 3226 aperteque
1133 3171 1294 3213 artem
1317 3164 1539 3213 obterere
1561 3163 1879 3227 extispicum,

265 3226 464 3277 Solxere
484 3227 699 3291 imperat
719 3228 936 3278 secundo
956 3244 1153 3279 rumore
1174 3230 1479 3292 adversaque
1500 3228 1595 3278 avi.
