2199 3546
265 147 333 196 es
378 161 382 165 ·
702 145 804 196 nn
840 144 1144 197 NATURA
1180 128 1503 196 DEORUM.

271 253 404 306 102.
448 245 612 305 Nihil
642 245 834 319 habet,
863 247 1071 324 inquit,
1102 248 1339 326 negotii.
1424 247 1701 308 Profecto
1740 247 1951 326 Epicu·

268 346 364 385 rus
393 327 553 404 quasi
575 327 738 404 pueri
766 327 997 384 delicati
1016 328 1162 385 nihil
1184 329 1498 386 cessatione
1525 328 1731 386 melius
1759 330 1951 387 existi-

266 413 403 464 mat.
487 406 808 465 XXXVII.
854 406 938 464 At
978 407 1090 485 ipsi
1132 415 1327 466 tamen
1374 409 1554 484 pueri,
1592 409 1766 465 etiam
1815 428 1949 466 oum

267 493 507 558 cessant,
558 486 962 544 exercitatione
1022 487 1215 565 aliqua
1272 487 1491 546 ludicra
1558 487 1946 546 delectantur:

267 566 440 624 deum
474 566 556 624 sic
588 566 856 624 feriatum
886 567 1151 624 volumus
1184 567 1497 624 cessatione
1524 575 1767 644 torpere,
1791 575 1875 640 ut,
1898 568 1947 626 si

267 665 326 703 se
359 645 752 716 commoverit,
775 664 1070 703 vereamur
1103 665 1176 704 ne
1205 645 1407 704 beatus
1434 666 1554 705 esse
1582 666 1701 704 non
1727 648 1945 725 possit!

266 725 428 783 Haec
456 725 640 783 oratio
669 744 786 783 non
815 725 992 782 modo
1026 726 1167 784 deos
1200 725 1410 803 spoliat
1436 734 1599 784 motu
1634 733 1693 784 et
1720 727 1948 786 actione

265 805 476 877 divina,
507 805 607 862 sed
651 805 827 862 etiam
855 804 1125 863 'homines
1164 805 1374 863 inertes
1407 805 1599 878 efficit,
1628 807 1679 863 si
1712 807 1947 884 quidem

265 903 442 962 agens
469 884 688 961 aliquid
713 903 787 942 ne
814 884 956 942 deus
984 885 1217 962 quidem
1248 905 1370 942 esse
1396 885 1599 943 beatus
1625 893 1834 964 potest.

349 969 480 1022 103.
517 963 736 1022 Verum
766 965 840 1021 sit
868 983 1018 1036 sane,
1045 972 1112 1022 ut
1137 965 1326 1036 vultis,
1352 964 1492 1023 deus
1520 964 1735 1043 effigies
1761 965 1949 1023 homi-

264 1043 356 1101 nis
383 1050 443 1100 et
468 1043 695 1120 imago:
740 1043 896 1120 quod
925 1044 1047 1101 eius
1076 1052 1163 1103 est
1190 1045 1566 1116 domicilium,
1590 1063 1735 1122 quae
1762 1046 1944 1116 sedes,

266 1123 367 1200 qui
399 1123 575 1194 locuS,
601 1142 744 1201 quae
777 1123 986 1182 deinde
1018 1125 1170 1182 actio
1204 1125 1392 1182 vitae?
1434 1123 1642 1202 quibus
1674 1124 1859 1196 rebuS,
1884 1125 1949 1183 id

265 1203 423 1280 quod
464 1203 652 1272 vultis,
687 1203 890 1261 beatus
937 1205 1062 1262 est?
1143 1203 1362 1263 Utatur
1408 1205 1563 1262 enim
1614 1205 1731 1262 suis
1778 1205 1948 1262 bonis

265 1289 494 1359 oportet
527 1288 586 1339 et
615 1283 840 1340 fruatur
867 1283 967 1359 qui
998 1283 1201 1341 beatus
1226 1285 1456 1342 futurus
1495 1290 1599 1342 est.
1682 1284 1835 1342 Nam
1868 1284 1949 1342 lo-

264 1380 366 1418 cus
395 1361 627 1439 quidem
655 1362 727 1421 iis
753 1363 927 1420 etiam
957 1363 1193 1434 naturiS,
1219 1383 1365 1440 quae
1398 1363 1521 1421 sine
1553 1363 1761 1421 animis
1794 1371 1945 1436 sunt,

263 1460 401 1498 suus
444 1449 532 1499 est
570 1442 776 1519 cuique
815 1442 1101 1519 proprius,
1132 1449 1199 1500 ut
1238 1452 1389 1500 terra
1426 1442 1691 1500 infimum
1734 1451 1945 1516 teneat,

263 1519 412 1578 hanc
451 1521 696 1579 inundet
734 1541 899 1598 aqua,
931 1523 1191 1599 superior
1230 1524 1368 1594 aeri,
1400 1522 1632 1600 ignibus
1672 1522 1949 1581 altissima

265 1620 366 1657 ora
391 1601 677 1658 reddatur.
760 1600 1087 1658 Bestiarum
1117 1609 1310 1660 autem
1338 1608 1595 1661 terrenae
1623 1610 1758 1660 sunt
1784 1603 1944 1675 aliae,

263 1681 475 1758 partim
524 1679 815 1756 aquatiles,
851 1680 992 1738 aliae
1048 1682 1210 1757 quasi
1258 1681 1553 1759 ancipiteS,
1597 1682 1657 1739 in
1706 1688 1947 1759 utraque

265 1760 398 1817 sede
426 1759 712 1818 viventes:
759 1766 894 1817 sunt
921 1761 1201 1838 quaedam
1237 1761 1410 1819 etiam
1446 1782 1591 1839 quae
1623 1763 1757 1839 igne
1791 1762 1947 1823 nasci

264 1846 541 1916 putentur
561 1847 983 1918 appareantque
1000 1842 1060 1897 in
1085 1841 1417 1899 ardentibus
1432 1842 1763 1900 fornacibus
1782 1862 1947 1920 saepe

264 1919 582 1978 volitantes,
671 1924 802 1978 104.
848 1919 1074 1988 Quaero
1102 1921 1283 1997 igitur
1310 1928 1495 1979 vester
1526 1922 1667 1980 deus
1694 1925 1943 1999 primum

265 1999 364 2057 ubi
397 1999 636 2071 habitet,
667 1999 876 2057 deinde
918 2019 1062 2077 quae
1089 2019 1262 2058 causa
1294 2020 1425 2058 enm
1458 2001 1586 2059 loco
1620 2009 1866 2073 moveat,
1898 2022 1945 2061 s}

262 2079 441 2136 modo
482 2086 747 2137 movetur
785 2079 1112 2156 aliquandO,
1147 2087 1458 2157 postremO,
1494 2100 1623 2140 cum
1666 2081 1779 2139 hoc
1819 2101 1945 2159 pm«

263 2158 454 2234 prium
489 2158 565 2215 sit
597 2158 994 2230 animantium,
1020 2166 1086 2216 ut
1119 2160 1338 2237 aliquid
1370 2168 1648 2239 appetant
1682 2162 1838 2237 quod
1872 2162 1949 2219 sit

262 2245 500 2295 naturae
527 2238 1209 2313 accommodatumudeus
1237 2240 1379 2317 quid
1405 2247 1658 2318 appetat,
1678 2241 1752 2298 ad
1774 2260 1947 2318 quam

263 2317 512 2394 denique
544 2336 664 2375 rem
700 2324 866 2375 motu
896 2318 1109 2376 mentis
1141 2338 1207 2376 ac
1240 2320 1462 2377 ratione
1493 2326 1702 2392 utatur,
1734 2329 1946 2397 postre=

262 2415 362 2453 mo
385 2415 499 2473 quo
520 2396 696 2454 modo
719 2396 920 2455 beatus
948 2398 1040 2469 sit,
1061 2418 1177 2475 quo
1204 2399 1381 2458 modo
1410 2406 1687 2459 aeternus
1773 2400 1948 2470 Quid-

264 2476 407 2554 quid
440 2476 594 2533 enim
626 2475 833 2533 horum
876 2478 1152 2555 attigeris,
1182 2478 1343 2537 ulcus
1376 2486 1477 2537 est.
1562 2479 1949 2618 Q

265 2556 469 2631 stituta
499 2556 646 2613 ratio
681 2556 899 2614 exitum
941 2558 1189 2634 reperire
1227 2578 1348 2616 non
1380 2565 1588 2637 potest.
1676 2565 1750 2616 10
1794 2604 1807 2617 .
1895 2581 1914 2617 1

263 2635 419 2692 enim
461 2631 706 2707 dicebas,
744 2636 992 2712 speciem
1035 2637 1129 2695 dei
1164 2638 1381 2715 percipi
1422 2639 1792 2715 cogitatione,
1828 2658 1947 2697 non

264 2733 449 2785 sensu,
470 2733 575 2772 nec
595 2734 716 2772 esse
737 2715 799 2772 in
821 2734 889 2774 ea
908 2716 1083 2774 ullam
1108 2717 1453 2776 soliditatem
1480 2737 1665 2796 neque
1686 2718 1948 2777 eamdem

263 2793 338 2851 ad
365 2812 667 2851 numerum
701 2813 1035 2871 permanere
1067 2816 1309 2874 eamque
1343 2816 1464 2855 esse
1497 2799 1621 2855 eius
1647 2798 1945 2870 visionem,

263 2879 332 2931 ut
357 2872 734 2932 similitudine
762 2881 822 2932 et
848 2876 1189 2933 transitione
1218 2883 1481 2934 cernatur
1506 2896 1693 2954 neque
1720 2877 1949 2936 deficiat

262 2971 536 3030 umquam
565 2972 636 3011 ex
657 2953 900 3012 infinitis
927 2955 1263 3031 corporibus
1290 2955 1565 3014 similium
1594 2958 1858 3028 accessiO,
1879 2977 1949 3015 ex

262 3050 446 3109 eoque
477 3032 602 3091 fieri
633 3040 703 3092 ut
732 3033 792 3090 in
827 3032 968 3091 haec
1011 3035 1238 3092 intenta
1278 3054 1443 3092 mens
1486 3043 1683 3094 nostra
1720 3036 1948 3095 beatam

260 3110 419 3168 illam
460 3119 724 3171 naturam
767 3120 830 3171 et
873 3114 1280 3191 sempiternam
1323 3121 1506 3192 putet.
1592 3115 1945 3175 XXXVIII.

243 3188 414 3261 ·Hoc,
435 3209 540 3268 per
569 3191 730 3268 ipsos
769 3191 926 3264 deofl,
950 3193 1023 3251 de
1057 3193 1266 3271 quibus
1297 3194 1605 3271 loquimur,
1629 3196 1795 3272 quale
1828 3202 1950 3255 tan-
