2199 3546
624 174 765 226 LIB.
793 174 892 237 11„
913 174 1072 226 GAP.
1095 174 1353 236 lv.-vl.,
1382 173 1413 235 §
1440 177 1616 230 11-17.
1876 175 1969 228 ‘5³

275 273 356 332 lio
383 273 716 334 consulibus
741 282 1022 347 evenerat,
1047 293 1165 353 quo
1200 274 1623 353 quidemnnno
1651 275 1719 335 P.
1744 273 1971 336 Africa·

276 373 386 412 nus
419 355 504 413 sol
532 355 676 413 alter
701 355 1018 414 exstinctus
1044 362 1149 425 est,
1174 355 1384 433 quibus
1418 356 1673 414 exterriti
1701 355 1969 415 homines

273 435 392 491 vim
449 435 738 513 quandam
790 455 913 493 esse
953 435 1254 494 caelestem
1295 443 1356 494 et
1396 436 1651 494 divinam
1694 437 1968 515 suspicati

275 521 428 573 sunt.
515 520 606 574 15.
651 513 926 584 Quartam
969 535 1199 574 causam
1240 535 1362 574 esse
1394 535 1637 594 eamque
1668 517 1757 574 vel
1790 518 1970 575 maxi-

275 613 432 652 mam
474 595 938 671 aequabilitatem
981 603 1194 689 motuS,
1224 596 1659 655 conversionem
1693 597 1850 668 caeli,
1882 617 1971 655 so—

275 674 363 746 lis,
383 675 551 733 lunae
578 675 944 752 siderumque
973 677 1236 734 omnium
1265 676 1717 748 distinctionem,
1734 677 1970 734 varieta-

274 762 413 827 tem,
437 755 944 833 pulchritudinem,
971 755 1253 827 ordinem,
1281 775 1523 833 quarum
1556 775 1744 814 rerum
1779 775 1972 833 aspec-

275 841 372 894 tus
403 835 528 914 ipse
561 836 700 893 satis
731 836 1013 894 indicaret
1045 855 1165 894 non
1199 855 1321 894 esse
1354 856 1422 894 ea
1454 836 1713 894 fortuita.
1797 835 1887 896 Ut
1920 837 1969 893 si

275 916 408 992 quis
436 916 497 972 in
525 915 764 976 domum
792 915 1043 993 aliquam
1072 925 1175 975 aut
1193 917 1256 974 in
1283 917 1649 994 gymnasium
1680 923 1780 973 aut
1800 916 1861 973 in
1882 915 1970 974 fo-

275 1015 406 1053 rum
425 995 659 1067 venerit,
675 1014 808 1055 eum
825 996 1020 1055 videat
1038 997 1301 1054 omnium
1324 1015 1513 1054 rerum
1530 997 1831 1069 rationem,
1848 1015 1969 1053 mo-

275 1075 436 1148 dum,
459 1075 841 1154 disciplinam,
867 1095 984 1134 non
1014 1077 1201 1154 possit
1228 1095 1297 1134 ea
1325 1077 1447 1134 sine
1476 1095 1645 1135 causa
1670 1075 1793 1134 fieri
1821 1076 1970 1134 iudi-

273 1174 422 1227 care,-
439 1156 542 1214 sed
567 1175 688 1215 esse
717 1155 968 1235 aliquem
989 1155 1289 1234 intellegat
1316 1156 1416 1234 qui
1439 1157 1651 1234 praesit
1672 1163 1731 1215 et
1758 1157 1849 1215 cui
1872 1175 1971 1234 pa-

275 1242 484 1307 reatur,
500 1235 685 1294 multo
713 1237 900 1314 magis
916 1237 976 1294 in
999 1237 1179 1294 tantis
1200 1235 1558 1294 motionibus
1576 1238 1869 1314 tantisque
1888 1236 1969 1293 vi-

275 1316 724 1390 cissitudinibus,
748 1324 868 1375 tam
900 1316 1212 1376 multarum
1248 1335 1436 1374 rerum
1471 1324 1645 1394 atque
1676 1323 1967 1374 tantarum

277 1396 592 1467 ordinibus,
616 1396 676 1453 in
713 1396 922 1475 quibus
955 1396 1101 1454 nihil
1134 1415 1411 1474 umquam
1442 1397 1729 1454 immensa
1757 1403 1819 1454 et
1844 1395 1971 1454 infi-

277 1476 402 1534 nita
434 1483 685 1535 vetustas
725 1477 970 1534 mentita
1011 1477 1104 1549 sit,
1136 1483 1352 1535 statuat
1384 1495 1613 1534 necesse
1645 1485 1733 1534 est
1764 1476 1837 1534 ab
1870 1477 1969 1534 ali-

277 1574 394 1634 qua
419 1563 614 1614 mente
634 1563 828 1614 tantos
855 1563 1092 1616 naturae
1120 1563 1315 1614 motus
1335 1555 1655 1633 gubernari.
1726 1556 1831 1615 Vl.
1872 1562 1964 1616 16.

275 1635 638 1714 Chrysippus
660 1636 912 1713 quidem,
935 1655 1281 1729 quamquam
1306 1644 1393 1694 est
1413 1637 1689 1694 acerrimo
1712 1636 1965 1714 ingeniO,

275 1721 472 1775 tamen
494 1735 563 1775 ea
582 1716 740 1789 dicit,
761 1724 829 1775 ut
848 1716 958 1775 ab
943 1736 1070 1795 lpsa
1088 1724 1295 1775 natura
1314 1716 1599 1789 didicisse,
1616 1735 1735 1775 non
1756 1724 1823 1776 ut
1840 1717 1967 1795 ipse

275 1797 591 1887 repperisse
618 1797 894 1856 videatur.
981 1797 1102 1855 “Si
1129 1795 1309 1855 enim’
1314 1796 1593 1875 'inquit‘
1600 1798 1717 1855 ‘est
1749 1796 1967 1875 aliquid

265 1875 340 1933 -in
361 1895 550 1933 rerum
571 1884 776 1935 natura
797 1876 953 1955 quod
975 1876 1229 1935 hominis
1248 1896 1429 1949 menS,
1447 1875 1604 1954 quod
1624 1876 1789 1948 ratic,
1810 1876 1967 1954 quod

277 1956 383 2028 viS,
400 1955 556 2034 quod
573 1964 828 2033 potestas
844 1956 1097 2014 humana
1113 1956 1333 2015 efficere
1355 1976 1472 2014 non
1494 1956 1695 2033 possit,
1712 1963 1797 2013 est
1814 1963 1967 2015 certe

277 2034 359 2106 id,
369 2036 539 2114 quod
557 2034 700 2095 illud
721 2036 911 2108 efficit,
929 2035 1167 2094 homine
1186 2034 1407 2094 melius.
1478 2036 1665 2113 Atqui
1684 2054 1775 2094 res
1794 2035 1969 2095 caele-

279 2122 396 2173 stes
429 2135 740 2194 omnesque
774 2136 874 2174 eae
907 2135 1151 2194 quarum
1180 2122 1267 2173 est
1295 2115 1439 2174 ordo
1472 2116 1869 2207 sempiternuS,
1894 2116 1965 2174 ab

277 2194 516 2254 homine
543 2196 748 2254 confici
782 2216 900 2254 non
933 2202 1192 2274 possunt.
1268 2194 1377 2253 Est
1406 2195 1588 2273 igitur
1619 2195 1697 2266 id,
1722 2215 1837 2274 quo
1869 2196 1969 2254 illa

279 2274 676 2347 conficiuntur,
699 2275 934 2335 homine
967 2276 1187 2334 melius
1272 2273 1343 2333 Id
1370 2283 1560 2333 autem
1598 2276 1739 2353 quid
1770 2277 1967 2353 potius

281 2355 492 2413 dixeris
504 2376 684 2449 ‘quam
703 2356 914 2414 deum?
972 2356 1209 2414 Etenim
1230 2355 1279 2413 si
1298 2355 1360 2413 di
1382 2375 1499 2413 non
1522 2363 1672 2427 sunt,
1688 2357 1829 2433 quid
1845 2376 1966 2414 esse

279 2442 474 2513 potest
500 2436 561 2493 in
589 2455 776 2494 rerum
807 2443 1010 2494 natura
1037 2435 1273 2494 homine
1298 2436 1540 2494 melius?
1615 2435 1683 2493 Ιιι
1713 2455 1781 2494 eo
1810 2437 1964 2494 enim

281 2515 404 2575 solo
427 2523 515 2573 est
534 2517 698 2587 rati0,
713 2535 828 2593 qua
846 2515 990 2574 nihil
1009 2524 1203 2593 potest
1218 2535 1339 2575 esse
1361 2516 1759 2593 praestantius.
1826 2516 1967 2574 Esse

281 2602 473 2653 autem
495 2596 810 2667 hominem,
827 2595 926 2674 qui
947 2596 1090 2653 nihil
1115 2595 1175 2653 in
1197 2596 1357 2654 omni
1379 2596 1598 2653 mundo
1618 2595 1825 2653 melius
1846 2614 1966 2653 esse

281 2695 455 2753 quam
469 2695 544 2736 -se
565 2682 748 2754 putet,
769 2675 1105 2753 desipientis
1126 2675 1495 2751 adrogantiae
1516 2682 1617 2733 est.
1703 2675 1857 2751 Ergo
1881 2682 1968 2732 est

280 2756 500 2833 aliquid
527 2756 746 2813 melius.
832 2756 938 2813 Est
964 2756 1146 2833 igitur
1170 2756 1433 2832 profecto
1462 2754 1657 2813 deuS.'’
1746 2756 1835 2812 17.
1867 2754 1966 2812 An

279 2855 433 2907 vei-0,
465 2835 514 2893 si
553 2836 792 2894 domum
834 2854 1105 2913 magnam
1147 2835 1558 2912 pulchramque
1591 2834 1816 2905 videriS‚
1847 2854 1964 2891 non

279 2915 466 2992 possis
500 2916 709 2973 adduci
734 2923 817 2987 ut,
843 2916 1014 2973 etiam
1049 2914 1099 2973 si
1128 2914 1429 2972 dominum
1464 2933 1581 2971 non
1611 2913 1822 2985 videaS,
1845 2934 1967 2971 mu-

275 2995 438 3058 ‚ribus
458 2996 614 3053 illam
637 3002 696 3053 et
715 2995 976 3053 mustelis
997 2994 1355 3053 aedificatam
1372 3001 1559 3072 putes,
1577 3000 1807 3051 tantum
1828 3011 1965 3070 ergo

281 3083 549 3135 ornatum
584 3076 804 3142 mundi,
833 3083 1055 3133 tantam
1089 3074 1423 3133 varietatem
1457 3072 1965 3151 pulchritudinem-

282 3174 394 3232 que
422 3174 609 3213 rerum
646 3155 992 3227 caelestium,
1015 3162 1239 3212 tantam
1266 3153 1387 3211 vim
1412 3159 1479 3211 et
1504 3153 1965 3231 magnitudinem

279 3236 458 3293 maris
485 3243 656 3314 atque
677 3242 954 3295 terrarum
977 3236 1213 3293 situum
1242 3252 1307 3293 ac
1334 3252 1454 3291 non
1475 3232 1714 3293 deorum
1735 3234 1963 3293 immor·
