2199 3546
235 130 332 193 208
755 144 854 191 DE
894 142 1394 192 mva'rloNE.

235 250 394 303 scant
439 244 762 321 pariterque
807 242 1153 314 decrescant,
1192 242 1533 321 arboresque
1582 252 1646 301 ut
1692 244 1923 303 hiemali

234 332 493 400 tempore
527 343 658 380 cum
688 324 822 380 luna
855 323 1024 380 simul
1061 330 1433 394 senescenteS,
1460 324 1559 401 qui
1588 331 1713 381 tum
1750 326 1925 383 exsic-

234 410 390 461 catae
419 403 551 473 sint,
575 403 914 480 tempestive
943 402 1105 461 caedi
1133 409 1423 479 putentur.
1894 414 1911 435 ’

316 488 407 541 34.
453 483 609 552 Quid
642 483 715 541 de
747 484 912 541 fretis
953 490 1054 540 aut
1086 482 1160 539 de
1202 482 1437 539 marinis
1478 480 1730 541 aestibus
1761 484 1925 561 plura

233 563 458 620 dicam?
502 582 745 640 quorum
778 582 1034 621 accessus
1067 569 1127 620 et
1156 582 1405 620 recessus
1433 562 1601 621 lunae
1632 570 1799 621 motu
1824 583 1925 641 gu-

233 643 558 701 bernant-ur.
632 643 901 701 Sescenta
929 642 1062 699 licet
1090 642 1346 700 eiusdem
1375 642 1536 700 modi
1565 644 1826 720 proferri,
1860 651 1925 702 ut

234 723 574 780 distantium
608 742 796 780 rerum
832 722 1101 798 cognatio
1134 722 1407 780 naturalis
1440 730 1726 800 appareat.
1812 723 1925 781 De-

233 822 362 860 mus
394 802 539 861 hoc:
583 803 726 860 nihil
763 803 915 860 enim
958 802 1091 859 huic
1136 802 1517 878 disputationi
1559 803 1922 862 adversatur:

233 902 374 939 num
402 884 593 953 etiam,
619 884 667 940 si
695 883 892 940 fissum
921 882 1216 939 cuiusdam
1247 882 1408 939 modi
1430 882 1608 939 fuerit
1628 883 1689 939 in
1718 884 1919 954 iecore,

233 961 452 1020 lucrum
491 963 848 1020 ostenditur?
929 961 1058 1031 Qua
1096 981 1167 1019 ex
1209 962 1554 1039 contagione
1597 968 1831 1021 naturae
1862 971 1923 1021 et

273 1043 395 1099 uasi
445 1051 726 1101 concentu
781 1049 954 1119 atque
1008 1060 1306 1112 consensu,
1352 1061 1524 1119 quam
1574 1042 1923 1118 συμπάθειαν

231 1061 433 1179 graeci
463 1121 769 1199 appellant,
795 1123 1098 1179 convenire
1132 1129 1327 1198 potest
1359 1129 1459 1179 aut
1486 1122 1683 1180 fissum
1719 1123 1922 1180 iecoris

232 1219 363 1259 cum
397 1201 600 1259 lucello
635 1222 764 1259 meo
804 1209 904 1259 aut
943 1222 1109 1259 meus
1152 1202 1537 1278 quaesticulus
1578 1222 1709 1259 cum
1744 1203 1918 1275 caelo,

230 1288 382 1339 terra
407 1301 710 1359 rerumque
737 1284 975 1339 natura?
1044 1281 1179 1339 XV.
1216 1279 1545 1339 Concedam
1570 1281 1680 1340 hoc
1708 1283 1918 1360 ipsum,

231 1361 281 1418 si
307 1362 410 1434 vis,
440 1362 548 1419 etsi
583 1381 851 1439 magnam
885 1363 1161 1419 iacturam
1196 1380 1395 1419 causae
1424 1362 1632 1433 fecero,
1664 1362 1712 1420 si
1746 1362 1919 1420 ullam

231 1460 353 1499 esse
401 1443 857 1500 convenientiam
908 1450 1143 1499 naturae
1197 1461 1329 1499 cum
1379 1442 1526 1499 extis
1570 1462 1918 1501 concessero.

233 1528 325 1580 35.
372 1522 487 1581 Sed
515 1530 708 1580 tamen
743 1542 813 1579 eo
846 1541 1117 1578 concesso
1152 1522 1251 1599 qui
1286 1522 1477 1579 evenit
1504 1529 1570 1579 ut
1598 1523 1664 1593 is,
1690 1524 1790 1599 qui
1818 1524 1926 1581 im-

229 1603 440 1678 petrire
468 1602 622 1671 velit,
647 1603 1079 1659 convenientem
1105 1601 1354 1658 hostiam
1383 1601 1551 1660 rebus
1580 1603 1699 1659 suis
1718 1603 1926 1661 immo-

229 1681 347 1739 let?
428 1682 559 1740 Hoc
601 1688 736 1753 erat,
769 1682 925 1758 quod
959 1700 1068 1758 ego
1109 1700 1227 1738 non
1270 1682 1433 1739 rebar
1464 1702 1631 1759 posse
1664 1683 1918 1742 dissolvi.

231 1760 315 1820 At
344 1782 516 1841 quam
538 1762 744 1820 festive
773 1761 1135 1820 dissolvitur!
1197 1761 1389 1821 Pudet
1416 1783 1509 1820 me
1538 1783 1654 1821 non
1682 1764 1769 1822 tui
1799 1764 1921 1842 qui-

229 1842 380 1914 dem,
405 1845 566 1902 cuius
595 1844 768 1900 etiam
799 1843 1135 1901 memoriam
1164 1842 1432 1914 admiror,
1458 1843 1558 1900 sed
1586 1844 1919 1923 Chrysippi,

229 1923 544 2003 Antipatri,
578 1923 894 1994 Posidonii,
929 1923 1027 2000 qui
1057 1922 1211 1980 idem
1247 1923 1393 1980 istuc
1429 1925 1662 2001 quidem
1697 1925 1918 1995 dicunt,

231 2005 387 2082 quod
416 2014 502 2063 est
530 2005 749 2063 dictum
779 2025 814 2062 a
840 2013 914 2075 te,
935 2004 1009 2060 ad
1037 2003 1286 2061 hostiam
1317 2004 1678 2082 deligendam
1711 2005 1915 2064 ducem

229 2105 349 2143 esse
383 2087 498 2143 vim
537 2086 822 2164 quandam
867 2085 1211 2142 sentientem
1253 2091 1425 2161 atque
1468 2086 1739 2155 divinam,
1772 2107 1920 2164 quae

229 2172 356 2223 toto
405 2167 646 2224 confusa
689 2165 908 2223 mundo
957 2165 1048 2222 sit.
1093 2181 1098 2186 ·
1134 2164 1286 2221 Illud
1332 2183 1465 2221 vero
1510 2166 1693 2223 multo
1742 2167 1917 2224 etiam

229 2246 448 2316 melius,
475 2246 631 2323 quod
660 2253 718 2302 et
739 2265 773 2302 a
792 2252 850 2303 te
879 2250 1213 2321 usurpatum
1244 2251 1331 2302 est
1352 2252 1411 2302 et
1438 2245 1649 2303 dicitur
1676 2246 1747 2303 ab
1776 2247 1917 2304 illis:

229 2343 360 2383 cum
391 2324 686 2383 immolare
718 2325 1001 2402 quispiam
1025 2324 1181 2394 velit,
1205 2331 1331 2381 tum
1354 2324 1474 2381 fieri
1504 2335 1765 2382 extorum
1796 2345 1921 2382 mu-

229 2406 523 2475 tationem,
555 2412 620 2462 ut
654 2413 754 2461 aut
785 2403 936 2462 absit
969 2404 1187 2481 aliquid
1220 2413 1321 2461 aut
1355 2405 1631 2481 supersit:
1675 2405 1915 2462 deorum

229 2485 382 2540 enim
433 2485 655 2541 numini
702 2502 896 2561 parere
945 2485 1157 2542 omnia.
1244 2489 1336 2541 36.
1382 2484 1543 2541 Haec
1592 2485 1725 2555 iam,
1770 2485 1917 2542 mihi

229 2564 410 2635 crede,
449 2583 522 2622 ne
569 2563 822 2622 aniculae
868 2564 1098 2641 quidem
1148 2563 1494 2621 existimant.
1578 2563 1675 2621 An
1720 2583 1917 2621 censes

229 2643 472 2700 eundem
509 2643 752 2701 vitulum
787 2644 837 2700 si
869 2643 1012 2701 alius
1050 2642 1343 2719 delegerit,
1374 2644 1497 2700 sine
1536 2644 1723 2720 capite
1760 2644 1917 2701 iecur

229 2723 526 2780 inventum
569 2724 667 2781 iri:
711 2723 760 2780 si
798 2723 958 2793 alius,
989 2742 1120 2780 cum
1156 2723 1380 2800 capite?
1461 2723 1621 2780 Haec
1660 2724 1916 2781 decessio

227 2803 434 2880 capitis
474 2810 575 2861 aut
606 2803 852 2860 accessio
881 2803 1149 2860 subitone
1181 2801 1301 2859 fieri
1337 2809 1546 2879 potest,
1584 2811 1649 2860 ut
1682 2823 1742 2860 se
1784 2813 1916 2861 exta

227 2883 301 2940 ad
331 2883 710 2940 immolatoris
736 2883 1030 2940 fortunam
1065 2882 1540 2940 accommodent?
1624 2882 1755 2940 Non
1793 2901 1915 2959 per-

227 2963 448 3038 spicitis
493 2962 670 3019 aleam
718 2962 1004 3039 quandam
1051 2980 1172 3018 esse
1220 2961 1279 3016 in
1327 2960 1533 3018 hostiis
1574 2962 1910 3039 deligendiS,

225 3043 557 3116 pracsertim
593 3061 724 3098 cum
753 3060 840 3098 res
868 3041 993 3117 ipsa
1021 3040 1261 3098 doceat?
1342 3040 1493 3097 Cum
1528 3042 1679 3097 enim
1711 3042 1913 3098 tristis-

225 3119 372 3177 sima
415 3128 545 3178 exta
589 3121 709 3177 sine
755 3121 940 3195 capite
974 3120 1225 3188 fuorunt,
1258 3119 1466 3195 quibus
1508 3120 1651 3177 nihil
1686 3121 1912 3178 videtur

225 3215 344 3256 esse
373 3199 568 3270 dirius,
590 3200 854 3273 proxima
881 3197 1071 3255 hostia
1096 3198 1296 3255 litatur
1322 3217 1489 3274 saepe
1510 3199 1908 3275 pulcherrime.
