2199 3546
235 145 334 205 2'68
693 164 698 169 '
733 152 740 160 ’
905 154 1008 204 DE
1040 154 1249 207 FATO.

235 252 367 315 bit.
421 250 594 326 Quod
642 256 796 315 enim
845 256 1111 315 dicantur
1157 257 1524 317 adsensiones
1558 256 1691 317 fieri
1734 258 1945 321 causis

137 377 142 381 -
235 328 588 416 antepositis,
620 338 681 394 id
715 337 880 415 quale
922 338 998 395 sit
1038 337 1210 396 facile
1251 357 1286 396 a
1325 356 1386 395 se
1426 337 1697 416 explicari
1730 346 1915 416 putat.

235 418 386 477 Nam
420 436 766 495 quamquam
800 417 1064 476 adsensio
1098 436 1216 475 non
1250 418 1437 495 possit
1467 417 1589 476 fieri
1622 418 1733 476 nisi
1766 438 1921 477 com-

233 506 392 557 mota
422 498 562 569 viso,
595 505 806 568 tamen,
838 516 970 555 cum
1005 497 1066 554 id
1098 498 1285 555 visum
1322 497 1647 575 proximam
1688 516 1918 557 causam

231 579 454 651 habeat,
495 597 612 637 non
662 577 1054 655 principalem,
1093 576 1243 635 hanc
1292 577 1467 635 habet
1511 578 1809 650 rationem,
1850 586 1919 637 ut

229 658 590 736 Chrysippus
621 657 762 729 vult,
789 676 960 735 quam
997 656 1220 715 dudum
1254 657 1521 730 diximuS,
1551 677 1690 729 non,
1719 664 1787 715 ut
1818 659 1919 717 illa

229 739 464 817 quidem
492 738 615 796 fieri
642 738 827 816 possit
855 737 1012 795 nulla
1039 738 1095 795 vi
1125 738 1475 796 extrinsecus
1495 738 1919 797 excitata—ne-

228 837 382 876 cesse
410 824 497 877 est
525 818 680 877 enim
703 818 1103 875 adsensionem
1128 818 1253 875 viso
1282 818 1815 876 commoveri—sed
1834 838 1920 876 re—

227 897 469 956 vertitur
511 899 585 956 ad
630 898 956 976 cylindrum
998 904 1058 955 et
1103 898 1176 955 ad
1220 897 1512 955 turbinem
1552 917 1737 969 suurn,
1770 918 1915 975 quae

226 980 446 1037 moveri
478 978 728 1056 incipere
771 978 882 1035 nisi
915 977 1082 1054 pulsa
1120 996 1239 1035 non
1271 984 1531 1055 possunt.
1617 977 1689 1035 Id
1720 986 1913 1036 autem

227 1077 360 1115 cum
401 1058 626 1131 accidit,
659 1065 860 1134 suapte
881 1065 1117 1150 otiatura,
1148 1058 1309 1135 quod
1341 1064 1615 1136 superest,
1646 1066 1705 1115 et
1737 1058 1916 1135 cylin-

225 1138 394 1196 drum
422 1138 577 1195 volvi
605 1144 663 1195 et
691 1137 900 1195 versari
925 1137 1217 1195 turbinem
1244 1145 1428 1215 putat.

306 1218 474 1275 XIX.
559 1221 653 1275 43.
699 1216 787 1297 Ut
819 1216 1013 1309 igitur,
1043 1217 1251 1295 inquit,
1283 1218 1385 1294 qui
1416 1218 1697 1295 protrusit
1737 1218 1916 1296 cylin-

226 1296 411 1369 drum,
447 1296 610 1355 dedit
657 1297 712 1355 ei
761 1297 1111 1389 principium
1160 1296 1454 1368 motioniS,
1491 1296 1911 1357 volubilitatem

225 1384 418 1435 autem
445 1396 564 1435 non
593 1377 770 1449 dedit,
797 1378 878 1435 sic
906 1378 1092 1435 visum
1128 1376 1418 1435 obiectum
1446 1377 1743 1455 imprimet
1769 1378 1913 1437 illud

226 1457 460 1535 quidem
505 1464 564 1515 et
609 1458 769 1535 quasi
811 1457 1063 1535 signabit
1112 1458 1173 1515 in
1217 1457 1412 1516 animo
1446 1476 1607 1515 suam
1642 1459 1911 1535 speciem,

225 1538 326 1595 sed
355 1538 617 1596 adsensio
646 1543 843 1595 nostra
868 1538 977 1595 erit
1003 1538 1066 1594 in
1092 1543 1397 1615 potestate,
1421 1557 1615 1616 eaque,
1636 1557 1806 1616 quem
1837 1539 1911 1597 ad

224 1617 464 1675 modum
508 1618 569 1674 in
615 1617 876 1695 cylindro
922 1617 1142 1675 dictum
1186 1624 1289 1688 est,
1330 1618 1679 1677 extrinsecus
1726 1618 1908 1695 pulsa,

225 1698 384 1775 quod
427 1697 712 1776 reliquum
755 1704 858 1769 est,
891 1703 1091 1775 suapte
1135 1697 1193 1754 vi
1238 1704 1297 1754 et
1328 1704 1533 1755 natura
1564 1698 1907 1757 movebitur.

225 1777 398 1847 Quod
424 1778 474 1835 si
493 1778 686 1857 aliqua
711 1797 800 1837 res
827 1776 1143 1836 efficeretur
1170 1777 1293 1835 sine
1320 1794 1490 1836 causa
1516 1778 1907 1852 antecedente,
1982 1849 1984 1851 ¹

223 1858 434 1916 falsum
463 1867 612 1917 esset
641 1858 836 1916 omnia
856 1858 978 1915 fato
999 1856 1157 1916 fieri:
1193 1858 1282 1915 sin
1304 1858 1587 1930 omnibus,
1611 1877 1913 1936 quaecum-

225 1957 336 2016 que
363 1938 526 2010 fiunt,
545 1938 665 1996 veri
687 1937 872 1995 simile
901 1944 990 1996 est
1015 1957 1244 1996 causam
1272 1938 1621 2011 antecedere,
1648 1939 1789 2017 quid
1815 1939 1915 1998 ad-

223 2018 362 2077 ferri
387 2018 602 2096 poterit
635 2037 736 2076 cur
767 2036 885 2076 non
920 2019 1117 2076 omnia
1147 2020 1273 2077 fato
1305 2018 1429 2076 fieri
1462 2018 1765 2077 fatendum
1799 2020 1912 2078 sit?

223 2099 401 2156 modo
446 2097 811 2176 intellegatur
854 2117 998 2176 quae
1043 2099 1121 2156 sit
1164 2117 1461 2157 causarum
1503 2099 1800 2158 distinctio
1845 2119 1913 2158 ac

225 2178 649 2237 dissimilitudo.
735 2183 828 2236 44.
875 2177 1035 2237 Haec
1077 2198 1209 2236 cum
1243 2179 1327 2236 ita
1366 2179 1482 2238 sint
1514 2198 1551 2236 a
1580 2177 1911 2257 Chrysippo

224 2258 522 2335 explicata,
547 2258 594 2315 si
621 2257 722 2329 illi,
749 2258 848 2335 qui
876 2265 1090 2336 negant
1117 2258 1485 2318 adsensiones
1510 2259 1637 2317 fato
1662 2258 1803 2331 fieri,
1828 2260 1913 2317 fa·-

223 2343 453 2397 teantur
483 2345 678 2395 tamen
713 2357 808 2395 eas
841 2331 1012 2416 [non]
1049 2338 1172 2396 sine
1204 2339 1329 2396 viso
1362 2339 1734 2396 antecedente
1766 2338 1908 2410 fieri,

223 2417 335 2476 alia
364 2417 514 2476 ratio
547 2424 649 2476 est.
734 2416 850 2475 Sed
877 2417 925 2474 si
953 2418 1278 2476 concedunt
1306 2418 1521 2479 anteire
1547 2417 1670 2475 visa
1695 2436 1801 2477 nec
1828 2425 1914 2476 ta-

223 2517 356 2557 men
384 2499 511 2557 fato
538 2497 661 2556 fieri
689 2497 1070 2569 adsensiones,
1092 2498 1252 2576 quod
1278 2498 1545 2590 proxima
1568 2496 1670 2555 illa
1694 2504 1753 2555 et
1779 2517 1912 2556 con-

223 2578 414 2636 tinens
447 2597 616 2636 causa
649 2597 766 2635 non
793 2584 1024 2636 moveat
1051 2578 1469 2650 adsensionem,
1492 2577 1625 2636 vide
1652 2597 1725 2636 ne
1752 2576 1909 2637 idem

223 2657 434 2717 dicant.
516 2658 718 2736 Neque
740 2658 894 2715 enim
913 2656 1273 2736 Cyrysippus
1288 2657 1607 2716 concedens
1626 2657 1913 2716 adsensio-

222 2738 313 2795 nis
341 2737 663 2814 proximam
685 2745 745 2796 et
765 2737 1158 2796 continentem
1178 2757 1409 2796 causam
1436 2757 1558 2796 esse
1579 2737 1639 2795 in
1668 2738 1793 2796 viso
1814 2757 1912 2816 po-

223 2818 392 2875 sitam
422 2836 548 2875 eam
575 2836 803 2875 causam
832 2817 906 2875 ad
926 2817 1366 2880 adsentiendum
1388 2816 1761 2876 necessariam
1788 2837 1911 2876 esse

221 2897 515 2969 concedet,
537 2903 619 2969 ut,
639 2897 690 2955 si
707 2897 903 2955 omnia
919 2896 1044 2955 fato
1059 2895 1219 2968 fiant,
1241 2897 1437 2955 omnia
1450 2895 1596 2955 fiant
1614 2896 1800 2954 causis
1816 2915 1912 2954 an-

220 2976 618 3054 tecedentibus
661 2983 720 3034 et
759 2976 1104 3047 necessariis,
1135 2977 1391 3054 itemque
1427 2976 1530 3048 illi,
1560 2977 1661 3054 qui
1692 2976 1766 3034 ab
1798 2977 1910 3035 hoc

221 3055 585 3127 dissentiunt,
603 3055 940 3114 confitentes
955 3075 1074 3114 non
1090 3054 1215 3114 fieri
1229 3055 1597 3114 adsensiones
1614 3056 1737 3114 sine
1753 3075 1912 3134 prae-

221 3137 483 3194 cursione
524 3137 794 3215 visorum,
825 3135 1034 3206 dicent,
1066 3135 1117 3193 si
1150 3135 1345 3192 omnia
1374 3135 1502 3194 fato
1542 3134 1745 3193 fierent
1786 3136 1910 3193 eius

221 3215 402 3287 modi,
429 3221 498 3274 ut
528 3214 674 3273 nihil
707 3214 867 3272 fieret
898 3214 1010 3286 nisi
1037 3215 1466 3292 praegressione
1496 3229 1715 3284 causae,
1738 3214 1910 3272 confi-
