2199 3546
259 134 326 182 86
700 129 803 180 DE
843 130 1143 181 NATURA
1180 129 1504 181 DEORUM.

259 249 424 310 pares
457 231 691 290 sumus?
767 229 862 288 Ad
897 231 1336 290 similitudinem
1376 233 1529 290 enim
1564 232 1673 290 deo
1708 233 1963 310 propius

258 311 566 370 accedebat
587 310 841 368 humana
869 311 1048 368 virtus
1069 330 1241 388 quam
1270 311 1467 390 figura.
1534 312 1792 370 XXXV.
1852 314 1956 370 97.

259 391 356 448 An
391 392 699 468 quiequam
717 397 838 448 tam
867 391 1084 467 puerile
1112 391 1229 449 diei
1250 399 1459 470 potest,
1479 399 1545 450 ut
1580 393 1831 452 eundem
1868 393 1957 452 Io·

258 489 392 528 eum
434 470 651 528 diutius
688 489 942 548 urgeam,
1015 490 1147 528 uam
1190 473 1241 529 si
1280 491 1349 530 ea
1387 491 1597 548 genera
1631 471 1955 544 beluarum,

259 567 405 628 quae
431 549 492 606 in
521 549 693 607 rubro
727 551 876 608 mari
903 490 1141 608 Indiave
1156 551 1496 644 gignantur,
1521 551 1677 608 nulla
1710 572 1832 610 esse
1866 553 1957 610 di

256 631 490 688 eamus?
556 629 743 707 Atqui
777 649 852 688 ne
883 631 1257 688 curiosissimi
1292 631 1523 709 quidem
1558 631 1825 688 homines
1859 653 1955 690 ex-

257 709 537 786 quirendo
565 710 762 768 audire
791 718 911 768 tam
944 710 1131 768 multa
1156 721 1416 788 possunt,
1443 730 1613 788 quam
1644 721 1779 768 sunt
1806 713 1957 768 mul-

255 797 334 859 ta,
359 809 504 867 quae
537 797 702 861 terra,
728 791 888 861 mari,
911 790 1237 868 paludibuS,
1261 790 1596 849 fluminibus
1630 791 1952 850 exsistunt:

257 889 402 946 quae
451 889 728 946 negemus
769 889 906 941 esse,
933 870 1068 947 quia
1108 889 1425 963 numquam
1471 871 1755 928 vidimus!
1814 871 1957 948 Ipsa

257 969 390 1006 vero
427 969 596 1027 quam
633 949 778 1006 nihil
812 950 887 1008 ad
920 969 1040 1008 rem
1075 951 1345 1028 pertinet,
1378 969 1522 1027 quae
1558 970 1660 1008 vos
1700 950 1955 1008 delectat

255 1029 524 1100 maxime,
539 1029 892 1088 similitudo!
928 1027 1125 1100 Quid?
1154 1030 1313 1088 canis
1334 1049 1526 1088 nonne
1548 1031 1753 1089 similis
1770 1031 1913 1109 lupo
1932 1031 1954 1089 2

255 1109 468 1186 Atque,
492 1117 560 1168 ut
585 1109 823 1182 Ennius,

449 1229 607 1279 Simia
633 1245 781 1294 quam
811 1229 983 1279 similis
1011 1230 1294 1294 turpissima
1319 1229 1477 1279 bestia
1502 1229 1670 1278 nobis!

255 1347 341 1404 At
371 1365 555 1405 mores
583 1347 643 1404 in
672 1354 920 1425 utroque
949 1347 1221 1425 dispares.
1296 1347 1626 1424 Elephanto
1652 1346 1945 1404 beluarum

255 1426 412 1484 nulla
439 1427 793 1505 prudentior.
879 1427 964 1484 At
991 1426 1179 1505 figura
1208 1447 1355 1504 quae
1386 1428 1633 1484 vastior?
1716 1433 1810 1484 98.
1854 1427 1947 1486 De

255 1507 455 1564 bestiis
482 1507 703 1584 loquor.
789 1505 982 1576 Quid?
1015 1508 1167 1566 inter
1194 1507 1351 1584 ipsos
1379 1506 1641 1564 homines
1669 1525 1861 1564 nonne
1889 1514 1949 1564 et

256 1586 564 1644 simillimis
591 1586 798 1643 formis
831 1587 1087 1665 dispares
1119 1606 1311 1645 mores
1344 1595 1405 1644 et
1437 1585 1695 1644 moribus
1728 1586 1950 1644 similli-

255 1667 366 1723 mis
388 1665 572 1742 figura
599 1666 932 1725 dissimilis?
1006 1667 1238 1724 Etenim
1270 1667 1317 1723 si
1342 1666 1532 1738 semel,
1551 1666 1755 1736 Vellei,
1776 1666 1949 1724 susei-

255 1746 449 1840 pimus
471 1765 654 1824 genus
674 1745 786 1804 hoe
777 1747 1407 1840 argumentvijpattende
1470 1767 1543 1803 uo
1574 1752 1777 1833 serpat.
1855 1746 1946 1807 Tu

257 1828 412 1885 enim
448 1826 711 1907 sumebas
731 1827 844 1885 nim
871 1846 932 1885 in
961 1825 1217 1885 hominis
1231 1766 1779 1904 figuffiflffitrmoem
1763 1846 1947 1886 messe

256 1926 374 1965 non
412 1926 614 1986 posse.
671 1912 862 1965 sumet
899 1908 1043 1965 alius
1079 1908 1192 1965 nisi
1231 1908 1289 1963 in
1328 1908 1599 1975 terrestri,
1629 1907 1741 1964 nisi
1778 1908 1839 1964 in
1878 1927 1946 1967 eo

259 1988 570 2065 qui·natus
615 1988 706 2059 sit,
744 1987 856 2045 nisi
897 1988 958 2045 in
1001 2007 1070 2045 eo
1116 1987 1214 2064 qui
1256 1988 1585 2056 adoleverit,
1621 1987 1734 2044 nisi
1774 1988 1836 2044 in
1878 2007 1946 2045 eo

259 2068 359 2145 qui
377 2068 669 2139 ssidieerit,
695 2068 807 2126 nisi
841 2069 904 2126 in
931 2088 1000 2126 eo
1030 2067 1133 2145 qui
1159 2087 1229 2124 ex
1262 2067 1457 2124 animo
1491 2074 1715 2125 constet
1742 2073 1802 2123 et
1830 2086 1948 2126 eor-

257 2167 398 2225 pore
429 2148 647 2205 caduco
681 2156 742 2206 et
767 2148 1014 2240 infirmo,
1038 2154 1333 2224 postremo
1368 2147 1480 2205 nisi
1508 2146 1567 2203 in
1598 2146 1833 2203 homine
1868 2154 1948 2203 at-

260 2246 370 2303 que
398 2228 645 2284 mortali.
719 2226 891 2295 Quod
919 2228 968 2283 si
995 2227 1056 2285 in
1086 2226 1353 2284 omnibus
1381 2226 1472 2284 his
1500 2224 1668 2284 rebus
1696 2225 1944 2295 obsistiS,

260 2306 402 2383 quid
434 2312 521 2363 est
558 2306 716 2383 quod
748 2314 806 2363 te
847 2326 964 2364 una
995 2307 1187 2365 forma
1226 2306 1569 2364 conturbet?
1636 2305 1750 2362 His
1792 2304 1947 2361 enim

261 2384 543 2455 omnibuS,
576 2404 720 2462 quae
752 2386 1046 2464 proposui,
1077 2386 1414 2443 adiunctis
1398 2406 1461 2443 m
1501 2385 1737 2443 homine
1779 2384 1951 2442 ratio-

259 2484 393 2522 nem
421 2484 543 2522 esse
565 2473 624 2523 et
643 2472 896 2523 mentem
919 2465 1167 2523 videbas,
1227 2464 1451 2534 Quibus
1480 2464 1750 2522 detractis
1772 2464 1944 2522 deum

259 2552 455 2601 tamen
507 2564 675 2602 nosse
729 2552 787 2603 te
836 2546 996 2617 dicis,
1032 2545 1210 2603 modo
1258 2545 1607 2604 lineamenta
1659 2552 1944 2601 maneant.

260 2624 393 2681 Hoc
437 2632 523 2681 est
563 2644 680 2682 non
722 2626 1095 2696 considerare,
1128 2624 1229 2683 sed
1270 2624 1435 2702 quasi
1470 2624 1661 2681 sortiri
1696 2622 1836 2699 quid
1870 2622 1949 2680 lo-

261 2722 449 2779 quare.
537 2710 630 2761 99.
669 2704 796 2761 Nisi
823 2706 978 2762 forte
1010 2724 1084 2762 ne
1117 2704 1229 2762 hoe
1264 2704 1499 2781 quidem
1534 2702 1803 2770 attendiS,
1828 2721 1946 2757 non

260 2782 487 2839 modo
472 2803 532 2839 m
566 2783 818 2855 homine,
844 2785 944 2842 sed
978 2784 1153 2842 etiam
1186 2784 1245 2842 in
1289 2782 1490 2840 arbore
1534 2780 1817 2857 quidquid
1862 2800 1950 2837 su-

259 2881 670 2939 pervacaneum
695 2864 771 2921 sit
787 2872 887 2921 aut
907 2884 1075 2922 usum
1097 2884 1213 2921 non
1236 2861 1445 2919 habeat
1466 2858 1709 2917 obstare.
1762 2858 1948 2927 Quam

259 2941 567 2999 molestum
609 2949 696 3000 est
743 2962 858 3001 uno
904 2944 1090 3019 digito
1140 2944 1268 3019 plus
1307 2940 1553 3001 habere!
1628 2941 1789 3011 Quid
1833 2940 1949 2999 ita?

261 3020 398 3095 quia
422 3038 528 3077 nee
555 3020 630 3077 ad
658 3022 912 3096 speeiem
936 3041 1039 3077 nee
1067 3022 1141 3077 ad
1171 3041 1333 3078 usum
1366 3022 1544 3079 alium
1576 3024 1829 3099 quinque
1858 3020 1948 3079 de-

261 3098 528 3155 siderant.
611 3098 773 3155 Tuus
804 3106 996 3156 autem
1031 3099 1172 3154 deus
1208 3119 1321 3155 nou
1356 3101 1544 3176 digito
1588 3121 1705 3157 uno
1748 3101 1947 3161 redun-

261 3176 377 3244 dat,
400 3176 499 3233 sed
529 3177 734 3250 capite,
754 3175 920 3245 eollo,
935 3196 1058 3232 eerv
1067 3176 1265 3246 ieibuS,
1286 3178 1573 3251 lateribus,
1598 3178 1745 3253 alv0,
1765 3187 1940 3257 terge,
