2199 3546
225 152 324 202 140
389 191 396 196 .
557 185 564 192 ·
677 149 778 200 DE
807 146 1112 198 NATURA
1126 145 1469 198 DEORUM.

217 271 349 312 cem
389 249 646 308 divinam
685 269 806 308 esse
844 234 1303 327 providentiam:
1350 246 1501 304 hanc
1538 245 1721 324 igitur
1768 265 1911 325 quo,-

221 349 468 408 cumque
491 349 556 388 se
581 336 809 388 moveat
829 326 1047 387 efficere
1074 347 1243 406 posse
1270 326 1559 404 quidquid
1575 326 1729 388 velit.
1792 327 1912 386 Ita-

224 430 334 488 que
365 417 466 468 aut
497 410 680 467 nescit
713 409 854 486 quid
878 409 1062 486 possit
1094 415 1195 466 ant
1220 406 1479 484 neglegit
1503 425 1593 464 res
1624 406 1912 469 humanas

218 496 322 547 aut
351 489 493 566 quid
519 489 594 546 sit
621 490 910 566 opt-imum
937 508 1055 546 non
1082 495 1277 564 potest
1304 487 1570 546 iudicare.
1646 486 1783 547 Non
1810 507 1911 546 cu-

223 575 310 626 rat
339 567 594 646 singulos
621 563 898 626 homines·
984 573 1077 626 93.
1116 567 1249 624 Non
1286 567 1513 638 mirum,
1536 585 1609 628 ne
1642 566 1909 630 civitates

223 647 472 724 quidem.
557 647 692 705 Non
727 649 857 705 eas?
899 666 970 704 ne
1010 647 1273 704 nationes
1314 645 1547 723 quidem
1590 653 1650 704 et
1681 654 1904 723 gentes,

221 726 395 794 Quod
423 728 471 784 si
499 727 602 784 has
629 727 802 784 etiam
836 733 1183 797 contemnet,
1209 726 1349 802 quid
1374 726 1589 783 mirum
1616 733 1703 784 est
1729 745 1905 786 omne

221 807 293 864 ab
321 826 388 864 ea
413 826 595 884 genus
622 806 935 865 humanum
965 825 1084 862 esse
1118 807 1554 884 contemptum?
1635 804 1750 863 Sed
1784 825 1905 884 quo

221 886 399 944 modo
433 886 609 944 iidem
643 886 836 944 dicitis
869 905 985 942 non
1020 885 1217 942 omnia
1248 885 1387 942 deos
1419 885 1699 962 persequi,
1722 885 1903 944 iidem

221 965 394 1023 vultis
421 986 455 1022 a
481 966 572 1023 dis
599 965 1017 1024 immortalibus
1042 964 1375 1023 hominibus
1408 965 1697 1042 dispertiri
1724 985 1789 1022 ac
1816 966 1904 1022 di-

219 1045 342 1102 vidi
368 1045 626 1103 somnia?
691 1044 912 1102 Idcirco
939 1044 1080 1102 haec
1107 1052 1315 1115 tecum,
1340 1045 1477 1121 quia
1503 1052 1687 1102 vestra
1712 1052 1799 1102 est
1825 1046 1902 1103 de

218 1125 575 1182 somniorum
609 1125 847 1182 veritate
887 1125 1185 1182 sententia.
1269 1124 1466 1201 Atque
1506 1124 1685 1182 iidem
1723 1132 1899 1183 etiam

219 1210 356 1261 vota
401 1204 612 1281 suscipi
659 1204 852 1262 dicitis
899 1212 1181 1281 oportere.
1272 1203 1499 1281 Nempe
1546 1203 1759 1280 singuli
1804 1223 1903 1262 vo-

219 1290 372 1354 vent,
407 1283 570 1341 audit
615 1285 797 1362 igitur
841 1303 1006 1342 mens
1052 1283 1250 1340 divina
1296 1283 1470 1340 etiam
1518 1283 1592 1340 de
1620 1283 1898 1360 singulis.

218 1361 452 1420 Videtis
490 1381 630 1444 ergo
667 1382 787 1421 non
833 1383 954 1422 esse
1001 1382 1128 1421 eam
1170 1369 1290 1420 tam
1340 1371 1677 1441 occupatam
1726 1376 1900 1440 quam

217 1441 546 1520 putabatis?
626 1443 673 1500 F
672 1461 738 1502 ac
779 1463 900 1502 esse
939 1443 1269 1514 distentam,
1298 1443 1519 1500 caelum
1561 1447 1899 1514 versantem,

216 1529 424 1579 terram
454 1530 730 1594 tuentem,
752 1524 932 1581 maria
962 1523 1375 1593 moderantem,
1400 1541 1501 1579 cur
1530 1527 1650 1579 tam
1684 1521 1901 1580 multos

153 1625 164 1636 ·
218 1601 358 1659 deos
398 1602 541 1660 nihil
575 1621 742 1679 agere
783 1609 842 1660 et
882 1621 1098 1661 cessare
1138 1603 1388 1679 patitur?
1430 1603 1531 1658 c'ur
1568 1603 1687 1658 non
1728 1601 1905 1660 rebus

217 1679 484 1738 humanis
513 1681 734 1758 aliquos
769 1682 986 1740 otiosos
1017 1683 1159 1739 deos
1184 1679 1457 1758 praeficit,
1482 1680 1584 1757 qui
1611 1699 1645 1738 a
1670 1687 1745 1749 te,
1768 1677 1904 1738 Bal-

216 1759 306 1831 be,
330 1759 772 1821 innumerabiles
813 1760 1081 1839 explicati
1114 1762 1283 1819 sunt?
1362 1760 1523 1819 Haec
1556 1761 1677 1819 fere
1710 1759 1901 1819 dicere

216 1839 393 1899 habui
420 1842 492 1900 de
519 1848 724 1900 natura
749 1842 1012 1913 deorum,
1023 1861 1143 1899 non
1172 1848 1237 1899 ut
1264 1860 1387 1899 eam
1410 1841 1683 1910 tollerem,
1706 1840 1805 1897 sed
1829 1846 1903 1897 tt

215 1920 620 1999 intellegeretis
661 1941 831 2000 quam
875 1928 1024 1980 esset
1055 1921 1296 1979 obscura
1335 1927 1394 1978 et
1428 1939 1597 1996 quam
1641 1916 1902 1977 difficiles

215 2001 532 2078 explicatus
564 2000 815 2060 haberet.

245 2127 252 2133 .
295 2080 420 2139 XL.
506 2086 600 2140 94.
638 2081 798 2151 Quae
825 2100 958 2141 cum
986 2079 1241 2149 dixisset,
1264 2078 1443 2137 Cotta
1467 2076 1659 2135 finem.
1736 2077 1902 2137 Luci-

215 2158 326 2217 lius
366 2168 594 2219 autem:
638 2161 1072 2232 Vehementius,
1095 2160 1303 2236 inquit,
1334 2158 1524 2229 Cotta,
1555 2164 1621 2217 tu
1664 2158 1899 2235 quidem

209 2239 472 2297 invectus
501 2259 564 2297 es
587 2240 648 2297 in
677 2259 802 2298 eam
831 2240 1159 2298 Stoicorum
1184 2239 1484 2309 rationem,
1506 2256 1650 2314 quae
1671 2236 1744 2296 de
1768 2256 1902 2313 pro-

215 2318 471 2376 videntia
496 2318 735 2376 deorum
763 2319 835 2376 ab
863 2318 976 2377 illis
1003 2319 1357 2376 sanctissime
1385 2324 1445 2375 et
1471 2315 1902 2394 providentissi-

144 2412 169 2439 1·
216 2416 310 2454 me
343 2398 659 2455 constituta
691 2406 792 2455 est.
877 2398 993 2457 Sed
1027 2398 1301 2475 quoniam
1343 2396 1778 2473 advesperascit,
1804 2395 1901 2453 da-

215 2476 306 2534 bis
332 2476 484 2533 diem
514 2478 682 2534 nobis
709 2478 976 2554 aliquem,
996 2484 1063 2535 ut
1090 2484 1291 2535 contra
1316 2477 1429 2535 ista
1454 2476 1728 2533 dicamus.
1790 2473 1901 2533 Est

215 2556 369 2614 enim
411 2554 557 2613 mihi
589 2562 780 2614 tecum
813 2576 920 2633 pro
954 2557 1066 2614 aris
1099 2563 1159 2614 et
1188 2556 1339 2614 focis
1378 2562 1665 2613 certamen
1699 2560 1758 2613 et
1789 2572 1899 2630 pro

216 2635 454 2692 deorum
487 2636 718 2713 templis
751 2642 924 2713 atque
957 2636 1209 2695 delubris
1241 2652 1460 2712 proque
1503 2634 1659 2693 urbis
1699 2633 1898 2704 marie,

217 2733 360 2791 quos
393 2733 511 2785 vos,
535 2714 851 2792 pontificeS,
883 2722 1111 2774 sanctos
1150 2734 1270 2773 esse
1310 2715 1503 2773 dicitis
1544 2712 1901 2790 diligentins-

217 2812 326 2870 que
360 2792 560 2851 urbem
593 2794 871 2871 religione
906 2814 1076 2871 quam
1113 2795 1252 2870 ipsis
1286 2793 1587 2853 moenibus
1628 2791 1897 2868 cingitis:

215 2890 360 2948 quae
394 2872 576 2929 deseri
608 2891 643 2928 a
670 2892 777 2943 me,
803 2874 942 2930 dum
978 2873 1210 2949 quidem
1246 2873 1457 2947 spirare
1490 2878 1710 2948 potero,
1734 2871 1901 2927 nefas

204 2950 423 3022 iudica
509 2956 602 3008 95.
642 2950 794 3008 Tum
835 2950 1042 3008 Cotta:
1085 2951 1214 3026 Ego
1254 2969 1388 3007 vero
1431 2957 1491 3007 et
1530 2957 1671 3027 opto
1713 2948 1899 3007 redar-

211 3028 314 3103 gui
345 3046 457 3097 me,
480 3026 679 3099 Balbe,
704 3036 762 3085 et
779 3046 876 3097 ea,
903 3047 1046 3104 quae
1079 3028 1386 3104 disputavi,
1411 3028 1685 3087 disserere
1716 3026 1898 3084 malui

213 3123 385 3180 quam
429 3106 682 3163 iudicare
725 3113 785 3163 et
823 3106 992 3162 facile
1037 3124 1130 3162 me
1176 3125 1211 3161 a
1249 3112 1307 3162 te
1342 3107 1493 3163 vinci
1527 3125 1695 3183 posse
1738 3112 1897 3163 certo

211 3183 347 3240 scio·
432 3183 677 3260 Quippe,
701 3183 890 3259 inquit
918 3183 1189 3254 Velleius
1215 3184 1315 3258 qui
1343 3185 1513 3241 etiam
1544 3184 1769 3241 somnia
1794 3202 1899 3260 pu-
