2199 3546
190 127 286 174 120
631 126 732 175 DE
765 125 1067 176 NATURA
1099 126 1423 178 DEORUM.

188 246 375 285 rerum
405 226 684 285 bonarum
715 235 774 284 et
801 227 1079 286 malarum
1110 235 1168 286 et
1195 248 1301 286 nec
1320 229 1601 286 bonarum
1632 249 1735 288 nec
1765 250 1883 287 ma·

189 306 406 364 larqu
478 307 590 364 Cui
618 307 755 364 mali
784 308 928 364 nihil
957 315 1044 365 est
1072 328 1177 365 nec
1207 329 1327 366 esse
1350 316 1558 386 potest,
1584 310 1726 387 quid
1746 310 1883 367 huic

191 407 336 463 opus
369 393 456 444 6813
490 387 716 446 delectu
746 387 1028 444 bonorum
1065 394 1125 444 613
1155 389 1475 446 malorum?
1518 389 1658 466 quid
1687 398 1878 448 aut-em

189 467 448 524 ratione?
489 467 631 545 quid
664 467 1094 544 intellegentia?
1146 468 1355 545 quibus
1398 469 1615 527 utimur
1647 470 1721 527 ad
1754 490 1878 527 eam

190 565 326 618 rem,
363 552 428 603 ut
472 545 684 623 apertis
729 547 970 604 obscura
1013 547 1427 640 adsequamur.
1472 557 1533 607 at
1574 549 1880 607 obscurum

189 627 298 684 deo
327 613 470 683 nihil
501 633 695 704 potest
723 646 858 684 6886.
945 625 1094 684 Nam
1126 628 1364 700 iustitia,
1390 647 1534 706 quae
1564 647 1728 686 suum
1767 631 1883 687 cui-

190 725 300 782 (1116
345 705 656 778 distribuit,
699 706 839 783 quid
884 707 1137 783 pertinet
1180 707 1255 764 ad
1299 708 1475 766 deos?
1556 709 1881 766 Hominum

190 786 345 843 enim
373 786 616 845 societas
643 793 701 843 613
729 787 1130 858 60111111111111388,
1151 793 1219 844 ut
1244 806 1349 844 vos
1370 788 1579 860 dicitis,
1600 788 1880 846 iustitiam

143 875 148 880 “
189 866 524 941 procreavit.
608 865 1012 942 Temperantia
1043 873 1239 924 autem
1274 874 1501 926 constat
1534 887 1605 925 ex
1638 876 1884 945 praeter-

191 945 490 1002 mittendis
522 945 916 1022 voluptatibus
949 947 1222 1023 corporiS‚
1248 947 1340 1004 cui
1371 947 1419 1004 si
1446 946 1607 1005 locus
1634 949 1694 1005 in
1722 948 1882 1006 caelo

189 1031 292 1094 est,
324 1031 411 1082 6813
444 1025 618 1082 etiam
653 1025 1061 1103 voluptatibus,
1149 1025 1301 1083 Nam
1337 1026 1509 1085 fortis
1545 1027 1686 1086 deus
1719 1027 1884 1085 intel-

190 1103 305 1180 legi
333 1105 434 1181 qui
461 1111 656 1181 potest
683 1105 742 1162 in
773 1104 971 1162 dolore
999 1125 1072 1162 an
1102 1105 1163 1162 in
1193 1106 1387 1164 labore
1416 1126 1489 1164 an
1519 1107 1579 1164 in
1610 1107 1880 1200 pericuIO,

191 1203 436 1261 quorum
478 1185 651 1242 deum
689 1184 836 1242 nihil
869 1185 1144 1261 attingit?
1228 1191 1322 1243 39.
1369 1186 1491 1244 Nec
1523 1188 1745 1244 ratione
1779 1188 1886 1264 igi-

189 1271 286 1321 tur
317 1270 575 1322 utentem
611 1284 716 1322 nec
754 1265 966 1323 virt-ute
1001 1264 1119 1322 ulla
1151 1267 1476 1343 praeditum
1514 1267 1687 1324 deum
1721 1267 1886 1325 intel-

191 1342 378 1421 legere
421 1345 520 1422 qui
554 1345 896 1421 possumus?
979 1343 1103 1402 Nec
1138 1365 1273 1403 vero
1307 1346 1467 1423 vulgi
1500 1354 1673 1425 atque
1704 1347 1887 1424 impe-

189 1423 430 1481 ritorum
475 1424 762 1482 inscitiam
804 1423 1096 1501 despicere
1136 1444 1390 1502 possum,
1421 1445 1553 1484 cum
1596 1446 1663 1484 ea
1704 1426 1887 1484 consi-

191 1504 346 1574 dere,
379 1523 523 1581 quae
557 1504 828 1562 dicuntur
859 1523 894 1561 a
926 1504 1172 1563 Stoicis,
1217 1512 1353 1563 sunt
1386 1506 1541 1563 enim
1576 1506 1722 1563 illa
1706 1525 1886 1583 impet

191 1583 467 1642 ritorum·
454 1629 467 1642 .
511 1585 726 1661 piscem
770 1584 904 1642 Suri
946 1592 1303 1656 venerantur,
1336 1605 1506 1644 omne
1537 1586 1661 1644 fere
1702 1604 1885 1662 genus

190 1662 501 1722 bestiarum
558 1663 839 1741 Aegyptii
889 1673 1378 1724 consecraverunt.
1464 1665 1589 1723 Iam
1638 1685 1772 1724 vero
1821 1666 1882 1722 in

191 1742 430 1803 Graecia
462 1743 676 1804 multos
705 1743 920 1802 habent
953 1763 1022 1803 ex
1053 1744 1388 1804 hominibus
1420 1745 1593 1805 deos:
1636 1744 1885 1804 Alaban-

192 1824 330 1882 dum
378 1824 682 1897 Alabandi,
713 1824 954 1883 Tenedii
993 1825 1270 1897 Tennem,
1303 1826 1705 1897 Leucotheam,
1739 1846 1883 1903 quae

191 1904 306 1962 fuit
341 1905 465 1977 In0,
489 1912 549 1963 613
583 1905 704 1963 61118
732 1904 1141 1963 Palaemonem
1171 1870 1353 1963 filiiim
1388 1913 1595 1963 cuncta
1626 1905 1880 1977 Graecia,

191 1984 519 2056 Herculem,
543 1985 972 2062 Aesculapium,
998 1985 1393 2063 Tyndaridas:
1436 1985 1749 2043 Romulum
1785 2004 1886 2043 no-

191 2066 294 2123 stri
327 2065 592 2158 aliosque
625 2066 963 2143 complureS,
997 2085 1143 2143 quos
1178 2066 1339 2143 quasi
1372 2084 1487 2123 nov
1488 2085 1555 2123 os
1587 2066 1886 2143 61886111)-

191 2145 360 2203 ticios
393 2147 545 2206 cives
577 2146 637 2202 in
673 2146 892 2203 caelum
927 2154 1189 2223 receptos
1223 2153 1447 2223 put-ant.
1531 2144 1699 2204 XVI.
1784 2150 1879 2203 40.

195 2224 353 2282 Haec
382 2225 561 2302 igitur
588 2225 823 2283 indocti.
912 2224 1068 2294 Quid
1096 2245 1199 2283 vos
1228 2225 1599 2302 philosophi?
1641 2225 1743 2302 qui
1770 2244 1885 2282 me·

190 2304 370 2362 liora?
451 2304 677 2363 Omitto
714 2304 840 2363 illa:
885 2312 1022 2362 sunt
1055 2306 1209 2363 enim
1246 2304 1547 2383 praeclara.
1630 2304 1722 2363 Sit
1749 2324 1883 2363 sane

193 2384 333 2443 deus
362 2384 483 2462 ipse
510 2385 776 2443 mundus,
861 2384 995 2443 Hoc
1026 2385 1197 2443 credo
1229 2385 1369 2443 illud
1400 2404 1520 2443 6886

362 2505 606 2555 sublimen
627 2504 859 2567 candens,
883 2520 1029 2569 quem
1053 2506 1288 2554 invocant
1312 2520 1485 2554 omnes
1508 2492 1710 2556 Iovem.-

194 2622 321 2693 Qua
357 2642 417 2681 re
459 2623 638 2700 igitur
669 2622 860 2701 plures
901 2623 1271 2701 adiungimus
1314 2623 1491 2680 deos?
1534 2629 1749 2699 quanta
1790 2642 1885 2680 au·

193 2711 311 2762 tem
341 2710 434 2761 est·
455 2722 652 2761 eorum
684 2704 1030 2763 multitudo!
1116 2703 1259 2760 Mihi
1292 2701 1527 2780 quidem
1558 2722 1695 2760 sane
1715 2703 1882 2761 multi

194 2784 475 2842 videntur.
544 2783 812 2861 Singulas
831 2784 988 2841 6111111
1012 2783 1201 2840 81361188
1222 2801 1490 2841 numeras
1511 2782 1652 2840 deos
1674 2802 1883 2859 eosque

195 2870 296 2921 aut
309 2863 605 2923 beluarum
625 2864 858 2923 nomine
875 2863 1145 2941 appellas,
1169 2869 1236 2919 1113
1257 2863 1522 2940 Capram,
1547 2869 1615 2920 ut
1636 2861 1883 2939 Nepam,

196 2949 262 2999 ut
305 2942 574 3014 Taurum,
605 2950 672 3000 1113
708 2942 976 3012 Leonem,
1007 2948 1108 2999 aut
1153 2961 1341 2999 rerum
1386 2942 1788 3011 inanimarum,
1819 2949 1887 2999 ut

194 3020 375 3097 Arg0,
399 3029 466 3081 ut
492 3023 690 3093 Aram,
719 3028 787 3078 ut
814 3021 1118 3079 Coronam.
1206 3026 1300 3079 41.
1346 3022 1461 3080 Sed
1492 3029 1555 3080 ut
1581 3023 1724 3079 haec
1754 3040 1886 3079 con-

196 3101 487 3171 cedantur,
512 3100 728 3177 reliqua
755 3101 855 3176 qui
881 3100 1114 3157 tandem
1143 3119 1261 3157 non
1290 3102 1466 3159 modo
1500 3102 1758 3174 concedi,
1784 3100 1887 3159 sed

197 3178 436 3239 omnino
464 3179 720 3255 intellegi
745 3180 1021 3256 possunt?
1085 3180 1237 3238 Cum
1266 3181 1462 3259 fruges
1490 3181 1775 3255 Cererem,
1806 3182 1887 3239 vi-

381 3442 430 3491 A
645 3454 674 3491 ι
