2199 3546
265 146 328 194 24
719 143 820 192 DF,
854 143 1152 192 NATURA
1186 143 1508 200 DEORUM.

267 245 605 321 sapiensque
627 243 1089 320 traditur—quia
1118 263 1171 298 m
1181 242 1301 300 ulta
1324 244 1581 300 venirent
1608 244 1667 300 in
1696 252 1952 304 mentem

266 333 434 382 acuta
481 333 652 401 atque
695 322 942 394 subtilia,
969 322 1330 380 dubitantem
1380 324 1519 400 quid
1561 343 1758 381 eorum
1806 333 1954 382 esset

267 405 642 475 verissimum,
668 403 994 480 desperasse
1027 423 1261 460 omnem
1289 403 1605 461 veritatem.
1695 409 1786 462 61.
1820 405 1955 482 Epi-

267 504 434 542 curus
461 503 596 542 vero
629 490 979 541 tuus—nam
1006 502 1140 540 cum
1168 482 1268 540 illo
1296 483 1449 540 malo
1477 483 1750 542 disserere
1781 504 1951 562 quam

267 563 681 640 tecum-quid
709 564 868 634 dicit,
895 563 1052 640 quod
1079 582 1198 620 non
1227 563 1405 621 modo
1433 562 1803 641 philosophia
1832 565 1955 642 dig-

265 663 406 702 num
436 651 599 712 esset,
625 643 725 702 sed
753 643 1030 701 mediocri
1058 643 1401 721 prudentia?

347 723 650 793 Quaeritur
691 723 942 801 primum
978 723 1038 780 in
1081 743 1149 780 ca
1190 723 1539 800 quaestione,
1565 743 1709 800 quae
1753 732 1839 782 est
1882 726 1954 783 dc

264 811 470 862 natura
509 804 766 875 deorum,
799 803 988 860 sintne
1028 803 1089 860 di
1135 822 1313 860 necne
1358 803 1489 860 sint.
1574 803 1825 862 Difficile
1869 815 1955 862 est

264 903 487 960 negare.
557 883 763 955 Cred0,
789 883 837 940 si
858 883 919 940 in
947 883 1217 941 contione
1240 890 1557 961 quaeratur,
1580 883 1680 940 sed
1702 885 1761 940 in
1784 884 1955 942 huius

267 964 428 1020 modi
456 983 716 1021 sermone
739 970 798 1021 et
818 963 879 1020 in
900 982 1171 1021 consessu
1190 963 1547 1020 facillimum.
1612 962 1815 1040 Itaque
1844 985 1953 1041 ego

266 1044 389 1121 ipse
417 1044 699 1120 pontifex,
725 1044 824 1120 qui
853 1043 1225 1101 caerimonias
1251 1043 1669 1121 religionesque
1696 1044 1955 1121 publicas

266 1123 623 1181 sanctissime
639 1124 880 1182 tuendas
901 1122 1162 1194 arbitror,
1178 1123 1229 1180 is
1245 1123 1372 1194 hoc,
1394 1122 1552 1199 quod
1572 1123 1824 1200 primum
1848 1133 1951 1194 est,

265 1222 387 1261 esse
428 1203 584 1276 deos,
608 1204 935 1281 persuaderi
975 1203 1123 1260 mihi
1163 1222 1281 1260 non
1316 1222 1350 1268 o
1396 1203 1590 1261 inione
1624 1203 1827 1276 solum,
1854 1206 1955 1262 sed

265 1285 440 1341 ctiam
469 1283 543 1340 ad
571 1284 866 1342 veritatem
898 1283 1066 1360 plane
1094 1282 1282 1340 velim.
1398 1279 1553 1340 Iulta
1580 1283 1734 1340 enim
1765 1303 1955 1342 occur-

266 1371 402 1420 runt
445 1382 590 1441 quae
632 1363 994 1435 conturbent,
1017 1370 1083 1421 ut
1128 1362 1418 1421 interdum
1461 1363 1605 1420 nulli
1648 1383 1769 1421 esse
1803 1364 1955 1440 vide-

265 1451 450 1501 antur.
539 1449 630 1501 62.
669 1442 784 1500 Sed
813 1443 944 1501 vide
979 1462 1151 1521 quam
1186 1449 1377 1500 tecum
1412 1461 1580 1519 agam
1610 1439 1951 1502 liberaliter:

267 1543 410 1600 quae
445 1524 777 1581 communia
817 1530 950 1581 sunt
972 1522 1136 1580 vobis
1170 1542 1301 1580 cum
1336 1523 1539 1580 ceteris
1572 1523 1950 1602 philosophiS,

263 1623 381 1661 non
425 1603 726 1681 attingam,
751 1610 818 1662 ut
849 1604 962 1660 hoc
995 1603 1219 1680 ipsum:
1264 1603 1452 1679 placet
1493 1604 1647 1660 enim
1684 1604 1955 1662 omnibus

263 1683 385 1740 fere
417 1683 676 1760 mihique
710 1683 822 1761 ipsi
854 1683 914 1740 in
949 1683 1153 1759 primis
1185 1683 1324 1740 deos
1366 1701 1501 1741 esse.
1587 1682 1790 1760 Itaque
1832 1705 1953 1742 non

265 1784 478 1841 pugnO.
565 1763 874 1824 Rationem
915 1769 1111 1822 tamen
1156 1783 1298 1834 eam,
1324 1783 1468 1839 quae
1509 1783 1543 1821 a
1575 1770 1633 1822 te
1676 1764 1951 1836 adfertur,

263 1864 380 1901 non
411 1844 548 1902 satis
569 1844 788 1901 firmam
814 1851 973 1921 puto,
1047 1843 1277 1901 XXIII.
1316 1842 1486 1912 Quod
1514 1844 1666 1900 enim
1692 1846 1953 1903 omnium

263 1924 524 2001 gentium
553 1943 942 2001 generumque
971 1924 1304 1981 hominibus
1331 1924 1413 1980 ita
1440 1923 1743 1995 videretur,
1775 1925 1837 1981 id
1871 1946 1953 1982 sa-

263 2005 340 2062 tis
380 2023 657 2082 magnum
699 2012 1103 2079 argumentum
1137 2023 1259 2063 esse
1293 2003 1490 2060 dixisti
1524 2022 1626 2060 cur
1658 2023 1778 2061 esse
1814 2005 1953 2062 deos

263 2084 678 2143 confiteremur.
765 2082 933 2152 Quod
964 2104 1093 2142 cum
1124 2084 1247 2142 leve
1276 2102 1379 2159 per
1406 2102 1464 2139 se
1493 2089 1617 2140 tum
1648 2084 1820 2140 etiam
1849 2086 1953 2141 fal-

264 2184 392 2222 sum
421 2171 520 2222 est.
607 2164 871 2221 Primum
900 2164 1052 2221 enim
1083 2163 1237 2221 unde
1265 2162 1373 2220 tibi
1400 2169 1573 2220 notae
1608 2171 1739 2221 sunt
1770 2165 1953 2241 opini-

265 2264 404 2302 ones
424 2244 759 2301 nationum?
805 2243 1091 2321 Equidem
1114 2242 1359 2299 arbitror
1380 2241 1589 2299 multas
1611 2262 1730 2301 esse
1750 2253 1953 2321 gentes

265 2325 346 2382 sic
378 2324 739 2381 immanitate
780 2324 1057 2393 efferataS‚
1081 2329 1149 2379 ut
1190 2321 1345 2399 apud
1379 2341 1473 2379 eas
1506 2322 1661 2379 nulla
1702 2324 1953 2401 suspicio

266 2404 503 2463 deorum
547 2404 638 2461 sit.
726 2408 818 2460 63.
856 2402 1042 2472 Quid?
1089 2402 1390 2478 Diagoras,
1416 2400 1583 2467 ἄθεος
1623 2404 1721 2481 qui
1762 2403 1953 2461 dictus

265 2491 369 2555 est,
389 2491 702 2562 posteaque
723 2483 1061 2540 Theodorus
1089 2501 1281 2539 nonne
1309 2491 1501 2559 aperte
1525 2483 1760 2545 deorum
1792 2494 1954 2541 natu-

266 2584 388 2621 ram
419 2563 806 2621 sustulerunt?
888 2562 1037 2619 Nam
1069 2562 1377 2621 Abderites
1412 2564 1644 2640 quidem
1676 2563 1953 2639 Protago-

266 2663 373 2715 ηε,
399 2644 560 2701 cuius
587 2664 622 2701 a
649 2651 706 2701 te
735 2642 912 2699 modo
939 2643 1161 2700 mentio
1189 2644 1345 2701 facta
1370 2650 1473 2714 est,
1499 2643 1785 2720 sophistes
1813 2650 1954 2700 tem-

267 2722 506 2802 poribus
537 2722 650 2780 illis
677 2723 766 2780 vel
801 2723 1101 2793 niaximu8‚
1126 2742 1254 2781 cum
1292 2724 1351 2780 in
1386 2724 1671 2801 principio
1706 2723 1837 2780 libri
1872 2723 1953 2780 sic

268 2803 586 2881 posuisset:
626 2804 660 2831 ‘⁶
677 2804 770 2861 De
814 2803 978 2874 divis,
1011 2822 1196 2881 neque
1236 2810 1305 2861 ut
1344 2803 1458 2861 sint
1500 2822 1685 2880 neque
1727 2810 1793 2859 ut
1833 2822 1951 2860 non

269 2885 402 2956 sint,
432 2882 618 2941 habeo
660 2883 903 2955 dicere,”
923 2883 1365 2941 Atheniensium
1408 2884 1565 2940 iussu
1600 2882 1739 2940 urbe
1782 2890 1953 2960 atque

269 2983 410 3042 agro
437 2970 525 3021 est
553 2964 962 3021 exterminatus
990 2963 1233 3040 librique
1261 2964 1383 3021 eius
1410 2963 1469 3019 in
1498 2963 1769 3021 contione
1802 2981 1957 3019 com-

269 3044 442 3103 busti.
527 3043 616 3101 Ex
651 3063 765 3121 quo
800 3043 1065 3120 equidem
1101 3044 1367 3101 existimo
1394 3043 1673 3101 tardiores
1704 3043 1780 3100 ad
1806 3042 1955 3099 hanc

272 3124 616 3183 sententiam
658 3123 1040 3202 profitendam
1083 3122 1300 3182 multos
1340 3143 1460 3181 esse
1502 3124 1705 3195 factos,
1739 3123 1956 3201 qnippe

272 3225 402 3264 cum
426 3225 668 3282 poenam
701 3224 772 3263 ne
801 3204 1087 3262 dubitatio
1120 3204 1353 3282 quidem
1382 3205 1632 3281 effugere
1653 3205 1953 3282 potuisset.
