2199 3546
254 158 346 205 186
573 144 594 163 ‘
767 158 868 208 DE
905 156 1409 209 DIVINATIONE.

249 258 610 317 convinceret
650 258 1089 337 ostenderetque
1131 259 1307 317 etiam
1340 258 1771 339 philosophum,
1797 260 1847 318 si
1878 261 1933 322 ei

247 338 618 396 commodum
672 345 834 410 esset,
877 339 1183 415 pecuniam
1231 340 1419 397 facere
1467 358 1652 419 posse,
1698 358 1935 397 omnem

247 418 447 489 oleam,
473 424 605 475 ante
648 438 820 495 quam
860 416 1060 476 florere
1104 419 1403 497 coepisset,
1427 420 1490 476 in
1531 438 1669 496 agro
1705 418 1933 478 Milesio

245 499 524 555 coemisse
553 498 778 555 dicitur.
851 504 982 557 112.
1006 498 1512 557 Animadverterat
1531 500 1773 557 fortasse
1798 518 1934 575 qua-

244 578 377 635 dam
422 579 660 636 scientia
701 578 954 636 olearum
995 578 1315 636 ubertatem
1356 579 1497 637 fore.
1582 578 1661 636 Et
1694 579 1931 657 quidem

243 658 398 715 idem
441 659 659 735 primus
701 658 1084 715 defectionem
1131 658 1285 729 solis,
1322 677 1466 735 quae
1507 657 1767 735 Astyage
1805 678 1933 736 reg-

243 744 416 795 nante
438 740 594 795 facta
621 744 722 808 est,
744 737 1092 814 praedixisse
1120 737 1317 795 fertur.
1396 737 1459 795 L.
1486 737 1672 795 Multa
1696 738 1927 809 medici,

242 818 425 876 multa
456 818 881 896 gubernatoreS‚
906 815 1189 895 agricolae
1231 818 1405 875 etiam
1446 816 1631 875 multa
1670 836 1929 895 praesen-

241 898 411 969 tiunt,
439 898 538 955 sed
565 898 782 955 nullam
810 916 1008 955 eorum
1037 897 1455 955 divinationem
1483 916 1645 968 voc0,
1669 916 1741 955 ne
1768 897 1929 955 illam

243 978 492 1055 quidem,
519 998 632 1055 qua
668 978 739 1035 ab
775 976 1207 1035 Anaximandro
1242 976 1485 1055 physico
1516 977 1729 1035 moniti
1760 976 1929 1035 Lace-

241 1056 530 1114 daemonii
565 1064 714 1128 sunt,
740 1064 806 1114 ut
837 1057 1040 1115 urbem
1073 1065 1135 1115 et
1165 1064 1319 1115 tecta
1350 1057 1677 1135 linquerent
1702 1058 1930 1115 armati-

242 1156 352 1213 que
385 1138 445 1192 in
478 1155 616 1213 agro
651 1136 1012 1209 excubarent,
1039 1138 1196 1215 quod
1224 1144 1407 1195 terrae
1440 1143 1635 1195 motus
1667 1137 1925 1209 instaret,

239 1224 382 1287 tum,
407 1235 537 1273 cum
574 1223 635 1274 et
666 1216 801 1273 urbs
833 1223 958 1274 tota
991 1218 1207 1275 corruit
1240 1225 1300 1275 et
1330 1236 1400 1275 ex
1432 1224 1633 1275 monte
1664 1216 1927 1293 Taygeto

239 1303 492 1353 extrema
519 1296 734 1354 montis
763 1297 925 1374 quasi
952 1297 1167 1375 puppis
1194 1295 1389 1355 avulsa
1416 1304 1517 1355 est.
1602 1296 1693 1354 Ne
1720 1296 1928 1355 Phere-

239 1376 412 1453 cydes
447 1377 680 1454 quidem
714 1374 810 1434 ille
842 1376 1211 1454 Pythagorae
1243 1378 1518 1455 magister
1548 1377 1745 1455 potius
1786 1376 1928 1433 divi-

238 1475 346 1513 nus
394 1455 699 1515 habebitur
747 1476 918 1534 quam
967 1456 1259 1535 physicus,
1299 1457 1470 1535 quod,
1508 1476 1641 1515 cum
1689 1456 1929 1515 vidisset

237 1534 502 1594 haustam
529 1556 737 1614 aquam
767 1537 840 1594 de
867 1537 989 1615 iugi
1018 1543 1212 1614 pute0,
1236 1544 1419 1595 terrae
1444 1543 1641 1595 motus
1668 1536 1817 1594 dixit
1842 1537 1927 1594 in·

239 1623 401 1674 stare.
491 1622 621 1673 113.
660 1617 718 1673 N
719 1636 782 1674 ec
811 1636 943 1674 vero
977 1636 1254 1694 umquam
1288 1617 1513 1674 animus
1544 1616 1799 1674 hominis
1830 1635 1927 1674 na-

237 1696 497 1754 turaliter
528 1696 764 1767 divinat,
790 1696 902 1753 nisi
935 1716 1067 1755 cum
1101 1698 1185 1754 ita
1217 1697 1439 1755 solutus
1478 1703 1569 1754 est
1600 1704 1662 1755 et
1693 1715 1922 1768 vacum,

238 1783 304 1833 ut
331 1777 383 1834 ei
406 1776 572 1854 plane
599 1777 746 1834 nihil
775 1777 850 1835 sit
877 1796 1009 1835 cum
1043 1797 1297 1855 corpore.
1368 1777 1540 1847 Quod
1568 1784 1669 1835 aut
1696 1777 1957 1835 vatibus·

239 1857 526 1934 contingit
553 1865 653 1915 aut
681 1857 1115 1915 dormientibus,
1184 1857 1388 1935 Itaque
1416 1876 1483 1914 ea
1508 1857 1626 1915 duo
1654 1876 1864 1935 genera
1890 1875 1926 1915 a

237 1935 589 1995 Dicaearcho
617 1937 935 2014 probantur
961 1943 1035 2008 et,
1061 1943 1129 1994 ut
1156 1937 1353 2008 dixi,‚a
1380 1937 1660 2015 Cratippo
1688 1945 1922 1995 nostro:

239 2016 285 2073 si
326 2024 644 2095 propterea,
681 2017 838 2094 quod
879 2037 946 2075 ea
991 2016 1431 2094 proficiscuntur
1477 2037 1511 2074 a
1558 2025 1775 2088 natura,
1808 2017 1925 2075 sint

238 2115 462 2154 summa
494 2115 643 2167 sane,
669 2092 846 2154 inodo
879 2117 952 2154 ne
987 2097 1139 2154 sola:
1184 2098 1272 2155 sin
1307 2104 1496 2155 autem
1532 2097 1678 2155 nihil
1712 2116 1833 2155 esse
1861 2098 1926 2154 in.

239 2176 634 2234 observatione
661 2183 884 2253 putant,
906 2177 1089 2234 multa
1115 2177 1343 2249 tollunt,
1366 2177 1574 2254 quibus
1596 2178 1747 2235 vitae
1773 2177 1922 2236 ratio

237 2257 578 2313 continetur.
673 2256 788 2316 Sed
830 2257 1103 2335 quoniam
1145 2258 1287 2314 dant
1328 2257 1547 2335 aliquid
1586 2257 1761 2334 idque
1802 2276 1924 2315 non

237 2354 476 2413 parvum
519 2335 953 2394 vaticinationes
994 2356 1127 2394 cum
1170 2337 1424 2408 somniis,
1447 2336 1593 2394 nihil
1636 2343 1723 2394 est
1764 2337 1923 2414 quod

237 2434 368 2472 cum
388 2414 480 2472 his
507 2435 719 2493 magno
742 2435 914 2493 opere
934 2436 1276 2494 pugnemuS,
1296 2417 1627 2494 praesertim
1651 2436 1783 2474 cum
1806 2417 1923 2475 sint

238 2495 335 2572 qui
358 2496 595 2553 omnino
617 2495 831 2552 nullam
854 2496 1267 2556 divinationem
1286 2498 1547 2574 probent.
1608 2501 1739 2554 114.
1764 2496 1923 2574 Ergo

237 2582 295 2632 et
322 2575 380 2646 ii,
408 2594 650 2652 quorum
681 2576 860 2633 animi
887 2577 1094 2654 spretis
1124 2577 1459 2654 corporibus
1493 2576 1721 2634 evolant
1748 2583 1921 2654 atque

237 2663 541 2712 excurrunt
569 2657 739 2727 seraa,
765 2657 964 2714 ardore
993 2657 1187 2734 aliquo
1214 2656 1556 2730 inflammati
1584 2664 1756 2734 atque
1784 2656 1924 2713 inci-

237 2735 343 2792 tati
371 2742 611 2792 cernunt
637 2736 735 2793 illa
761 2738 1041 2814 profect0‚
1069 2756 1213 2814 quae
1241 2737 1617 2795 vaticinantes
1644 2755 1923 2813 praenun-

236 2815 398 2886 tiant,
423 2815 732 2893 multisque
767 2815 934 2873 rebus
963 2815 1393 2874 inflammantur
1424 2816 1569 2873 tales
1601 2816 1795 2887 animi,
1822 2816 1923 2894 qui

236 2894 570 2972 corporibus
599 2914 714 2952 non
744 2894 1058 2966 inhaerent,
1079 2903 1145 2954 ut
1172 2897 1231 2966 ii,
1254 2897 1352 2973 qui
1381 2915 1523 2954 sono
1555 2895 1807 2974 quodam
1826 2914 1937 2952 vor

237 2994 366 3031 cum
398 2982 455 3032 et
482 2974 756 3052 Phrygiis
783 2975 1046 3038 cantibus
1067 2975 1395 3033 incitantur.
1482 2975 1699 3033 Multos
1726 2993 1925 3032 nemo-

236 3074 298 3110 ra
316 3055 614 3132 silvaeque‚
631 3055 844 3112 multos
861 3073 1056 3112 amnes
1074 3062 1174 3112 aut
1191 3056 1371 3113 maria
1388 3061 1769 3125 commovent,
1786 3073 1924 3131 quo·

236 3153 364 3190 rum
387 3135 698 3191 furibunda
717 3153 880 3191 mens
901 3135 1059 3192 videt
1079 3144 1213 3194 ante
1240 3135 1425 3194 multo
1448 3153 1595 3213 quae
1616 3141 1751 3192 sunt
1766 3134 1925 3192 futu·

238 3229 314 3270 ra.
399 3213 528 3282 Quo
557 3213 629 3270 de
655 3231 863 3288 genere
889 3213 988 3271 illa
1013 3221 1181 3273 sunt:
