2199 3546
187 157 256 222 ω·
627 161 736 218 -nn
766 167 1080 219 NATURA:
1102 162 1457 220 anesum(

185 271 350 350 equis
377 279 636 349 pugnare
663 265 934 346 vssi--sunt
961 271 1367 348 et'recentiore
1390 264 1877 328 memoria-'iidem

185 350 552 428 Tyndaridae
593 349 1063 406 Persen³victum
1102 351 1529 410 nuntiaverunt.
1596 350 1684 410 ·P.
1716 354 1873 410 enim

187 430 639 500 Vatinius,-avus
666 428 838 505 huius
870 429 1266 508 adulescentis,
1290 449 1419 487 cum
1456 449 1489 487 c
1516 430 1882 507 praefectura

186 509 432 570 Reatina
446 509 693 567 Romam
709 509 962 567 venienti
979 516 1159 567 noctu-
1178 509 1299 566 duo
1315 510 1547 567 iuvenes
1564 525 1695 567 cum
1714 510 1879 587 equis

186 588 332 648 albis
359 589 639 647 dixissent
665 607 862 666 regem
889 587 1105 652 Persen
1126 587 1230 646 illo
1256 589 1359 648 die
1376 596 1629 666 capt-um,
1650 589 1884 648 senatui*

63 677 74 688 '
185 665 491 742 nuntiavit,
515 677 576 728 et
593 667 785 746 primo
805 669 968 746 quasi
987 675 1205 726 temere
1224 669 1297 726 de
1319 688 1378 726 re
1400 668 1632 746 publica
1650 669 1877 726 locutus

187 750 248 808 in
276 767 556 810 carcerem
583 748 880 806 coniectus
903 755 1012 818 est,-
1031 755 1165 826 post
1192 767 1229 806 a
1251 748 1460 806 >Paullo
1488 748 1694 807 litteris
1722 745 1885 808 adlati

186 829 280 902 tis,
293 829 602 888 cum-idem
617 827 749 886 dies
775 827 1143 900 constitisset,
1164 835 1223 886 et
1242 847 1381 906 agro
1404 831 1447 886 ‘a
1478 835 1680 896 senatu
1690 863 1698 872 -ι
1706 837 1768 887 et
1786 841 1889 886 va&

187 909 414 967 catione
435 909 682 966 donatus
697 914 802 966 esti
865 908 1064 985 Atque
1085 909 1258 966 etiam
1278 929 1410 967 cum
1429 909 1503 966 ad
1520 908 1757 966 fluvium
1778 907 1879 975 Sa-

187 1007 350 1066 gram
370 987 750 1046 Crotoniatas
777 987 944 1052 Locri
971 987 1229 1046 maximo
1258 989 1479 1066 proelio
1512 989 1875 1060 devicissent,

189 1069 408 1146 eeipso
420 1067 526 1126 'die
543 1067 802 1126 auditam
821 1085 1094 1128 esseeam
1118 1087 1375 1146 pugnam
1396 1069 1549 1126 ludis
1570 1067 1877 1146 Olympiae

188 1148 498 1205 memoriae
526 1147 822 1224 proditum
850 1155 953 1207 est.
1031 1147 1215 1226 Saepe
1243 1149 1568 1206 Faunorum
1592 1167 1764 1206 voces
1786 1165 1879 1206 ex·

189 1227 436 1302 auditae,
452 1246 623 1303 saepe
642 1227 795 1288 visae
821 1229 1044 1296 formae
1071 1228 1313 1302 deorum
1345 1229 1606 1306 quemvis
1628 1247 1748 1296 non
1761 1235 1878 1295 ·aut

187 1306 455 1380 hebetem
493 1314 594 1364 aut
629 1307 876 1387 impium
915 1309 1054 1366 deos
1091 1316 1419 1386 praesentes
1456 1328 1577 1366 esse
1618 1306 1877 1366 confiteri

189 1393 520 1464 coegerunt.
591 1386 734 1446 -IIL'
767 1389 819 1446 ’7.
851 1387 1287 1447 Praedictiones
1312 1407 1445 1446 vcro
1479 1395 1538 1446 et
1568 1387 1879 1465 praesen-si·-

193 1486 331 1525 ones
363 1485 554 1525 rerum
586 1468 910 1526 futurarum
945 1469 1086 1546 quid
1120 1469 1278 1528 aliud
1311 1468 1603 1526 declarant
1632 1468 1745 1534 nisi
1779 1467 1879 1524 hoa

190 1544 446 1604 minibus
479 1566 546 1604 ea
579 1541 750 1625 [quae
783 1545 924 1626 sint]
963 1549 1209 1620 ostendi,
1239 1549 1563 1620 monstrari,
1588 1547 1875 1626 portendi,

192 1626 480 1702 praedici?
521 1647 590 1684 ex
621 1646 735 1709 quo
763 1627 861 1694 illa
889 1631 1132 1701 ostenta,
1153 1635 1425 1699 monstra,
1445 1635 1731 1706 portenta,
1750 1646 1879 1705 pro-

193 1705 352 1783 digia
371 1706 656 1770 dicuntur.
734 1706 976 1778 Quodsi
997 1728 1065 1766 ea
1084 1707 1219 1767 ficta
1241 1709 1527 1766 credimus
1547 1708 1777 1766 licentia
1797 1707 1879 1781 fa,-

192 1786 472 1859 bularum,
503 1787 790 1865 Mopsum,
814 1788 1109 1861 Tiresiam,
1136 1788 1879 1867 Amphiaraum‚-Calchan-

192 1873 330 1939 tem,
354 1868 661 1939 Helenum,
687 1888 832 1946 quos
857 1876 1051 1927 tamen
1081 1885 1326 1947 augures
1358 1888 1431 1927 ne
1458 1870 1615 1947 ipsae
1645 1869 1877 1947 quidem

193 1945 422 2005 fabulae
445 1947 800 2020 ascivissent,
815 1949 874 2006 -si
905 1968 995 2007 res
1029 1950 1269 2007 omnino
1300 1950 1645 2027 repudiaret,
1676 1968 1757 2006 ne·
1781 1948 1880 2006 do—

193 2027 463 2085 mesticis¹¹
474 2028 708 2105 quidem
737 2028 1014 2107 exemplis
1042 2028 1201 2087 docti
1221 2048 1437 2087 numen
1460 2030 1698 2087 deorum
1728 2038 1881 2085 com·

194 2105 604 2183 probabimus?
683 2106 845 2173 Nihil
875 2128 982 2165 nos
1009 2108 1076 2167 P.
1098 2109 1329 2167 Claudii
1348 2108 1501 2167 bello
1523 2109 1747 2167 Punico
1769 2108 1881 2185 pri·

197 2190 294 2243 mo
313 2187 606 2245 temeritas
633 2188 904 2259 movebit,
922 2188 1021 2264 qui
1051 2190 1226 2246 etiam
1248 2206 1353 2267 per
1371 2189 1563 2247 iocum
1594 2189 1733 2246 deos
1760 2187 1881 2245 irri-

196 2265 355 2337 dens„
370 2284 503 2329 cum
531 2286 704 2324 cavea
729 2266 954 2327 liberati
975 2266 1120 2345 pulli
1148 2288 1267 2326 non
1291 2267 1881 2347 pascerentur,·mergi

197 2362 296 2403 eos
327 2346 396 2403 in
421 2364 628 2423 aquam
661 2346 844 2417 iussit,
875 2353 942 2405 ut
973 2346 1261 2421 biberent„
1285 2345 1554 2429 quoniam
1600 2366 1721 2405 esse
1760 2347 1883 2405 nol-

196 2424 353 2483 lent?
390 2448 392 2453 ·
433 2423 548 2494 Qui
580 2424 728 2483 risus
759 2426 936 2485 classe
969 2427 1195 2486 devicta
1225 2428 1437 2486 multas
1464 2428 1575 2505 ipsi
1603 2427 1880 2498 lacrimas,

195 2522 466 2582 magnam
487 2505 706 2583 populo
727 2504 998 2565 Romano
1015 2507 1235 2567 cladem
1258 2508 1468 2567 attulit.
1545 2506 1735 2576 Quid?
1771 2506 1883 2564 col-

196 2583 326 2661 lega
352 2581 474 2643 eius
507 2584 709 2643 Iunius
737 2586 939 2644 eodem
969 2586 1123 2646 bello
1156 2606 1349 2646 nonne
1371 2594 1715 2665 tempestate
1746 2586 1883 2644 clas-

197 2680 318 2721 sem
335 2664 544 2737 amisit,
561 2684 692 2723 cum
711 2667 981 2745 auspiciis
998 2688 1114 2726 non
1130 2668 1445 2745 paruisset?
1499 2668 1701 2745 Itaque
1718 2666 1883 2723 Clau-

197 2742 328 2801 dius
345 2762 380 2801 a
394 2744 611 2822 populo
634 2745 1049 2825 condemnatus
1069 2757 1173 2819 est,
1188 2748 1391 2805 Iunius
1411 2766 1609 2805 necem
1634 2746 1742 2813 sibi
1760 2746 1884 2823 ipse

197 2823 492 2882 conscivit.
572 2827 624 2883 8.
661 2825 726 2884 O.
749 2825 1094 2885 Flaminium
1118 2827 1345 2885 Caelius
1367 2828 1644 2905 religione
1666 2826 1885 2903 neglec-

195 2908 258 2960 ta
274 2904 542 2963 cecidisse
560 2906 716 2983 apud
733 2905 1189 2965 Trasumennum
1206 2907 1403 2965 scribit
1417 2926 1548 2965 cum
1570 2924 1785 2983 magno
1800 2904 1883 2962 rei

195 2981 463 3059 publicae
483 2985 729 3044 vulnere.
814 2985 1072 3055 Quorum
1102 2987 1281 3045 exitio
1302 2986 1557 3064 intellegi
1579 2991 1773 3064 potest
1794 3004 1887 3053 eo·

197 3081 325 3121 rum
345 3063 605 3142 imperii-s
631 3085 754 3123 rem
774 3066 1065 3143 publicam
1094 3066 1517 3144 amplificatam,
1540 3067 1639 3143 qui
1660 3064 1886 3141 religio-

197 3142 369 3200 nibus
377 3145 720 3221 paruissent.
798 3145 892 3217 Et,
909 3146 955 3202 si
973 3146 1232 3203 conferre
1250 3146 1514 3204 volumus
1535 3151 1732 3203 nostra
1752 3162 1886 3201 cum

197 3224 465 3294 externiS,
485 3225 690 3282 ceteris
722 3224 892 3282 rebus
925 3231 1026 3283 aut
1051 3244 1217 3304 pares
1249 3232 1350 3283 aut
1378 3225 1553 3283 etiam
1582 3224 1885 3281 inferiores

1568 3523 1601 3538 A
