2199 3546
729 170 1437 235 L-113.11.,CAP.1.,11.,§
1466 174 1578 222 1-6.
1940 172 2007 222 49

315 275 442 334 Nos
469 280 665 333 autem
692 274 804 332 hoc
831 294 1094 333 sermone
1124 294 1268 352 quae
1294 274 1499 352 prior!
1514 274 1632 332 duo
1662 279 1799 332 sunt
1824 291 2009 332 suma-

315 374 462 426 mute,
477 354 714 412 tertium
743 361 802 412 et
831 361 1115 431 quartum,
1137 355 1272 432 quia
1296 354 1515 412 maiora
1542 362 1691 424 sunt,
1712 360 1858 431 puto
1886 372 2007 412 esse

315 435 376 492 in
399 434 553 492 aliud
577 441 810 512 tempus
829 434 1165 492 differenda.
1236 434 1477 492 Minime
1498 453 1648 507 vere,
1664 434 1857 511 inquit
1872 433 2009 492 Cot-

315 521 408 572 ta:
453 534 587 572 nam
616 520 675 571 et
697 514 869 572 otiosi
899 533 1096 571 sumus
1125 521 1183 571 et
1204 513 1275 571 iis
1302 514 1375 572 de
1405 512 1573 572 rebus
1600 513 1841 592 agimus,
1862 531 2007 592 quae

317 603 451 653 sunt
478 593 652 652 etiam
681 594 930 672 negotiis
958 594 1411 671 anteponendae.

396 673 471 732 II.
558 678 612 732 4.
650 673 801 732 Tum
836 672 1125 732 Lucilius:
1170 673 1261 732 Ne
1294 692 1461 751 egere
1494 673 1730 751 quidem
1759 673 2003 744 videtur,

293 753 521 831 inquit,
547 754 806 812 oratione
833 755 1024 832 prima
1049 773 1197 831 pars.
1283 752 1441 823 Quid
1467 754 1623 812 enim
1656 759 1855 830 potest
1884 771 2007 810 esse

313 840 435 890 tam
479 841 742 911 apertum
782 841 1018 912 tamque
1063 833 1448 912 perspicuum,
1479 852 1613 891 eum
1654 823 1876 890 caelu'm
1918 851 2008 890 su-

314 915 608 991 speximus
635 914 1010 991 caelestiaque
1039 913 1417 991 contemplati
1444 932 1659 982 sumus,
1682 931 1856 990 quam
1884 931 2007 970 esse

313 993 550 1071 aliquod
578 1013 790 1052 numen
820 994 1343 1071 praestantissimae
1369 993 1598 1064 mentis,
1619 1012 1735 1070 quo
1756 990 1896 1051 haec
1924 1011 2007 1052 re-

311 1074 560 1150 gantur?
626 1072 797 1142 Quod
819 1075 880 1130 ni
903 1074 984 1132 ita
1003 1080 1171 1146 esset,
1192 1074 1292 1152 qui
1312 1073 1599 1152 potuisset
1618 1071 1865 1132 adsensu
1885 1091 2005 1134 om·

313 1153 477 1210 nium
505 1153 692 1211 dicere
720 1153 974 1213 Ennius:

315 1251 499 1336 Aspice
526 1273 621 1323 hoc
648 1274 892 1323 sublimen
921 1273 1157 1335 candens,
1176 1288 1323 1338 quem
1350 1273 1585 1324 invocant
1609 1287 1783 1324 omnes
1809 1272 1999 1336 Iovem,

311 1391 473 1448 illum
500 1411 634 1450 vero
663 1398 722 1450 et
744 1391 942 1450 Iovem
971 1398 1030 1449 et
1051 1391 1475 1451 dominatorem
1504 1411 1694 1452 rerum
1722 1398 1783 1452 et
1810 1391 2005 1452 omnia

313 1478 460 1528 nutu
488 1477 777 1548 regentem
809 1479 883 1543 et,
910 1479 975 1530 ut
1001 1471 1159 1530 idem
1187 1471 1427 1544 EnniuS,

703 1601 894 1656 patrem
907 1593 1183 1655 divomque
1204 1592 1559 1657 hominumque

311 1711 370 1763 et
409 1709 767 1783 praesentem
809 1723 874 1762 ac
915 1711 1353 1783 praepotentem
1395 1704 1607 1763 deum?
1687 1702 1859 1775 Quod
1902 1705 2003 1785 qui

310 1784 554 1856 dubitet,
579 1784 736 1842 haud
765 1804 899 1842 sane
933 1784 1207 1862 intellego
1241 1804 1342 1843 cur
1374 1804 1488 1843 non
1520 1784 1675 1843 idem
1710 1784 1795 1843 sol
1823 1785 1900 1843 sit
1927 1805 2002 1844 an
2103 1845 2112 1854 ,

310 1863 502 1922 nullus
529 1864 605 1921 sit
633 1864 895 1922 dubitare
925 1865 1124 1941 possit.
1213 1871 1265 1922 5.
1310 1863 1426 1932 Qui
1454 1864 1609 1923 enim
1644 1872 1732 1923 est
1760 1864 1869 1923 hoc
1900 1866 2000 1924 illo

311 1944 668 2002 evidentius?
741 1944 913 2013 Quod
941 1944 1053 2002 nisi
1081 1944 1382 2020 cognitum
1410 1944 2000 2024 comprehensumque

311 2024 518 2081 animis
545 2024 903 2093 haberemuS‚
927 2043 1045 2081 non
1073 2030 1196 2081 tam
1224 2022 1445 2082 stabilis
1478 2024 1677 2102 opinio
1706 2043 1997 2102 permane-

309 2111 398 2162 ret
425 2123 530 2161 nec
563 2103 996 2162 confirmaretur
1027 2103 1409 2162 diuturnitate
1435 2105 1714 2181 temporis
1746 2123 1851 2163 nec
1884 2125 1999 2165 una

309 2203 441 2241 cum
461 2184 698 2241 saeculis
715 2183 1112 2261 aetatibusque
1128 2181 1431 2241 hominum
1450 2183 1998 2263 inveterare-potuis-

309 2271 412 2320 set.
498 2263 728 2321 Etenim
759 2264 1019 2321 videmus
1053 2271 1269 2321 ceteras
1303 2262 1605 2342 opiniones
1634 2262 1795 2323 fictas
1823 2273 1996 2344 atque

310 2362 480 2401 vanas
502 2343 882 2401 diuturnitate
905 2343 1242 2402 extabuisse.
1321 2344 1463 2413 Quis
1485 2345 1641 2402 enim
1663 2343 1997 2424 Hippocen-

308 2430 535 2480 taurum
555 2423 732 2481 fuisse
751 2430 850 2481 aut
869 2422 1228 2481 Chimaeram
1250 2431 1417 2501 putat
1434 2424 1454 2481 2
1488 2444 1702 2501 quaeve
1720 2444 1862 2501 anus
1874 2433 1995 2484 tam

187 2540 204 2546 -
308 2522 506 2560 excors
534 2503 778 2561 inveniri
799 2511 994 2581 potest
1014 2522 1163 2580 quae
1190 2503 1288 2562 illa
1314 2522 1459 2581 quac
1489 2504 1780 2581 quondam
1810 2507 1999 2564 crede·

306 2582 518 2641 bantur
558 2583 714 2661 apud
747 2583 963 2640 inferos
995 2591 1266 2661 portenta
1306 2584 1677 2643 extimescat?
1757 2584 1998 2662 Opinio-

307 2680 448 2719 num
477 2662 632 2719 enim
661 2670 990 2720 commenta
1017 2662 1171 2721 delet
1201 2662 1340 2734 dies,
1365 2670 1599 2722 naturae
1627 2664 1840 2724 iudicia
1866 2684 1999 2723 con·

307 2741 512 2799 firmat.
599 2740 802 2820 Itaque
826 2751 890 2800 'et
909 2744 969 2799 in
998 2750 1197 2801 nostro
1218 2742 1437 2821 populo
1466 2744 1605 2801 etin
1636 2745 1837 2802 ceteris
1864 2744 1999 2803 deo-

306 2840 430 2878 rum
457 2820 644 2879 cultus
665 2822 1123 2900 religionumque
1144 2824 1475 2881 sanctitates
1496 2824 1777 2882 exsistunt
1794 2825 1856 2882 in
1874 2825 1997 2883 dies

307 2902 746 2979 maioresatque
770 2901 1046 2960 meliores
1106 2952 1109 2955 .
1135 2906 1187 2959 6.
1225 2900 1409 2980 quue
1430 2904 1621 2961 evenit
1640 2921 1761 2960 non
1781 2910 1997 2963 temere

304 3000 412 3037 nec
433 2986 584 3053 casu,
605 2978 706 3038 sed
728 2982 885 3059 quod
907 2988 964 3039 et
986 2982 1365 3059 praesentiam
1390 3001 1557 3060 saepe
1579 2981 1698 3040 divi
1720 3001 1881 3040 suam
1903 2983 1997 3042 de·

306 3060 539 3132 darant,
560 3070 627 3117 ut
648 3070 706 3120 et
727 3061 880 3139 apud
902 3060 1193 3138 Regillum
1220 3060 1373 3119 bello
1394 3060 1749 3135 Latinorum,
1766 3080 1897 3121 cum
1919 3064 1992 3123 A.

305 3139 645 3199 Postumius
673 3141 922 3198 dictator
949 3160 1081 3198 cum
1111 3141 1353 3200 Octavio
1382 3140 1641 3199 Mamilio
1669 3140 1995 3202 Tusculano

306 3220 528 3298 proelio
557 3220 876 3293 dimicaret,
899 3220 962 3277 in
989 3228 1189 3279 nostra
1219 3221 1342 3279 acie
1366 3220 1574 3293 Castor
1598 3228 1661 3281 et
1686 3221 1896 3281 Pollux
1924 3242 1996 3286 ex
