2199 3546
462 121 598 174 LIB.
626 124 693 186 1.,
716 123 872 174 CAP.
899 123 1475 187 XXle.-xxxvl.,
1500 123 1531 185 §
1553 127 1767 177 96-101.
1888 129 1959 174 3⁷

271 224 608 303 poplitibuS,
659 225 942 297 manibus,
991 225 1254 303 pedibuS,
1304 226 1637 300 feminibus,
1680 228 1953 288 cruribus.

271 307 354 377 Si,
386 313 452 363 ut
491 306 832 363 immortalis
875 306 966 377 sit,
999 306 1141 382 quid
1183 306 1322 364 haec
1367 307 1442 365 ad
1478 307 1656 364 vitam
1698 309 1957 368 membra

269 386 600 463 pertinent?
641 385 830 463 quid
813 405 941 462 ipsa
970 385 1187 444 facies?
1267 386 1453 464 Magis
1492 386 1605 458 illa,
1641 387 1953 462 cerebrum,

269 465 922 542 cor,pulmoneS,'1ecur.
1007 465 1171 524 Haec
1204 465 1359 523 enim
1392 472 1529 524 sunt
1556 467 1850 526 domicilia
1876 469 1956 525 vi-

267 552 395 603 tae:
441 546 556 602 oris
597 545 832 622 quidem
865 544 1096 602 habitus
1137 546 1212 604 ad
1244 546 1396 604 vitae
1428 545 1761 604 firmitatem
1806 547 1952 606 nihil

265 625 534 702 pertinet.
599 624 890 683 XXXVI.
955 630 1088 682 100.
1125 625 1205 682 Et
1230 645 1329 682 eos
1356 625 1735 702 vituperabaS,
1756 628 1857 718 qui
1884 647 1955 686 ex

267 704 542 782 operibus
596 703 916 782 magnificis
976 711 1151 782 atque
1204 704 1522 781 praeclaris,
1574 723 1707 762 cum
1761 705 1953 784 ipsum

263 784 568 854 mundum,
605 803 738 842 cum
779 785 902 842 eius
941 783 1217 855 membra,
1252 783 1490 855 caelum,
1524 791 1718 856 terraS,
1755 786 1950 878 maria,

266 882 516 940 cumque
550 863 756 920 horum
791 864 1056 941 insignia,
1088 863 1284 933 solem,
1308 863 1503 920 lunam
1538 864 1842 942 stellasque
1873 867 1953 923 vi-

265 943 501 1014 dissent,
535 955 782 1021 cumque
821 950 1151 1021 temporum
1192 944 1567 1013 maturitateS‚
1603 945 1953 1003 mutationes

263 1023 800 1100 vicissitudinesque
847 1024 1266 1100 cognovissent,
1306 1024 1577 1100 suspicati
1626 1032 1817 1082 essent
1856 1025 1955 1083 ali-

264 1121 438 1179 quam
499 1102 864 1161 excellentem
929 1122 1050 1160 esse
1104 1109 1603 1180 praestantemque
1667 1111 1949 1176 naturam,

264 1201 411 1260 quae
466 1181 606 1240 haec
662 1183 914 1253 fecisset,
969 1189 1245 1254 moveret,
1298 1190 1533 1258 regeret,
1589 1181 1957 1259 gubernaret·

262 1261 379 1330 Qui
428 1262 602 1319 etiam
651 1263 708 1318 si
749 1261 1013 1319 aberrant
1059 1281 1096 1320 a
1148 1263 1491 1336 coniectura,
1536 1262 1703 1320 video
1753 1270 1947 1320 tamen

263 1341 408 1418 quid
435 1348 760 1418 sequantur.
846 1341 936 1398 Tu
966 1342 1124 1418 quod
1153 1361 1299 1418 opus
1324 1342 1559 1399 tandem
1589 1361 1863 1419 magnum
1892 1349 1953 1401 et

263 1421 558 1498 egregium
595 1420 786 1492 habes,
814 1421 972 1500 quod
1003 1421 1275 1478 effectum
1308 1421 1506 1479 divina
1536 1429 1731 1480 mente
1764 1423 1952 1480 videa-

260 1507 373 1571 tur,
405 1520 474 1558 ex
509 1520 623 1579 quo
657 1520 777 1558 esse
811 1501 950 1558 deos
983 1501 1305 1577 suspicere?
1386 1500 1707 1571 Habebam,
1738 1501 1945 1579 inquiS,

260 1581 322 1636 in
351 1580 546 1638 animo
573 1581 807 1637 insitam
835 1581 1304 1638 informationem
1338 1581 1645 1657 quamdam
1677 1581 1787 1638 dei.
1872 1581 1951 1640 Et

259 1659 487 1717 barbati
529 1661 763 1737 quidem
798 1659 969 1731 IoviS,
1000 1660 1257 1736 galeatae
1299 1660 1618 1718 Minervae:
1662 1680 1801 1718 num
1844 1661 1951 1737 igi-

260 1745 356 1797 tur
384 1759 504 1798 esse
531 1739 674 1798 tales
700 1741 907 1817 putas?
993 1745 1124 1798 101.
1171 1738 1401 1810 Quanto
1429 1740 1635 1798 melius
1662 1739 1803 1800 haec
1831 1740 1950 1798 vul-

259 1836 370 1895 gus
409 1820 826 1896 imperitorum,
863 1820 963 1897 qui
1005 1838 1124 1877 non
1172 1820 1431 1878 membra
1467 1820 1652 1877 solum
1695 1820 1949 1878 hominis

261 1899 372 1956 deo
413 1898 692 1970 tribuunt,
724 1900 825 1957 sed
867 1919 1035 1957 usum
1079 1900 1254 1958 etiam
1297 1899 1701 1958 membrorum.
1786 1899 1948 1959 Dant

261 1979 416 2035 enim
445 1998 655 2050 arcum,
679 1980 933 2055 sagittae,
957 1979 1201 2050 hastam,
1224 1979 1491 2055 clipeum,
1513 1980 1816 2051 fuscinam,
1840 1979 1951 2036 ful-

259 2075 393 2115 men
427 2064 486 2115 et
514 2059 562 2115 si
589 2059 844 2116 actiones
879 2078 1024 2135 quae
1058 2058 1175 2115 sint
1203 2059 1442 2115 deorum
1473 2077 1593 2116 non
1622 2059 1837 2130 vident,
1862 2060 1946 2117 ni-

259 2137 342 2194 hil
364 2144 630 2215 agentem
653 2146 846 2195 tamen
875 2139 1047 2196 deum
1075 2157 1194 2195 non
1224 2145 1442 2214 queunt
1463 2138 1729 2230 cogitare.
1808 2103 1949 2215 I'psi,

261 2218 362 2295 qui
393 2217 718 2289 irridentur,
749 2218 1030 2295 Aegyptii
1070 2217 1284 2275 nullam
1329 2216 1554 2275 beluam
1598 2218 1709 2275 nisi
1742 2218 1817 2276 ob
1851 2219 1948 2277 ali-

261 2316 432 2373 quam
477 2297 786 2354 utilitatem
839 2316 1010 2389 quam
1056 2318 1127 2355 ex
1168 2317 1236 2355 ea
1275 2304 1545 2373 caperent
1592 2316 1949 2356 consecrave-

258 2384 426 2433 runt.
476 2376 632 2433 velut
664 2376 786 2434 ibes
818 2377 1127 2435 maximam
1162 2377 1279 2435 vim
1324 2377 1676 2453 serpentium
1718 2377 1949 2435 confici-

261 2462 380 2527 unt,
406 2475 538 2513 cum
580 2456 697 2513 sint
737 2475 870 2513 aves
911 2456 1178 2527 excelsae,
1202 2456 1462 2514 cruribus
1494 2456 1711 2533 rigidis,
1736 2476 1945 2531 corneo

257 2554 612 2612 proceroque
665 2543 888 2595 rostro:
945 2542 1210 2593 avertunt
1257 2543 1477 2612 pestem
1528 2535 1599 2593 ab
1648 2536 1942 2612 AegyptO,

260 2634 390 2672 cum
420 2614 678 2672 volucres
707 2634 922 2692 angues
949 2634 1017 2673 ex
1047 2615 1313 2673 vastitate
1340 2614 1558 2691 Libyae
1584 2622 1758 2673 vento
1787 2616 1947 2673 Afri-

259 2712 328 2752 co
358 2696 611 2753 invectas
643 2695 996 2752 interficiunt
1028 2703 1202 2771 atque
1234 2702 1598 2766 consumunt,
1624 2714 1693 2752 ex
1729 2714 1845 2771 quo
1878 2693 1946 2753 fit

259 2780 326 2831 ut
353 2774 482 2831 illae
510 2794 616 2837 nec
643 2794 838 2832 morsu
865 2774 1026 2831 vivae
1054 2781 1301 2831 noceant
1327 2792 1433 2832 nec
1458 2774 1636 2831 odore
1664 2782 1941 2833 mortuae.

260 2853 506 2911 Possum
534 2854 606 2910 de
635 2853 1082 2911 ichnewmonum
1114 2852 1379 2925 utilitate,
1404 2854 1476 2911 de
1504 2853 1941 2926 crocodilorum,

260 2933 330 2991 de
364 2933 569 2991 felium
603 2933 808 3003 dicere,
833 2932 934 2990 sed
965 2932 1102 2991 nola·
1135 2952 1257 2990 esse
1291 2932 1513 3009 longus,
1595 2932 1689 2989 Ita
1721 2932 1943 2989 conclu-

261 3012 411 3083 dam,
447 3020 644 3070 tamen
691 3011 890 3069 beluas
937 3032 972 3069 a
1019 3011 1273 3069 barbaris
1318 3018 1557 3089 propter
1604 3010 1943 3069 beneficium

260 3099 632 3163 consecratam,
667 3098 985 3149 vestrorum
1040 3092 1282 3149 deorum
1336 3110 1455 3148 non
1509 3090 1686 3149 modo
1736 3089 1942 3148 benefi-

259 3172 411 3228 cium
442 3170 662 3229 nullum
693 3178 930 3241 exstare,
951 3171 1054 3229 sed
1078 3190 1153 3229 ne
1178 3170 1401 3228 factum
1430 3170 1664 3245 quidem
1686 3170 1939 3228 omnino,

423 3257 452 3299 4
