2199 3546
217 155 283 208 52
392 167 402 181 ¹
663 152 764 202 DE
796 151 1098 204 NATURA
1130 151 1456 204 DEORUM.

219 254 362 312 vitio
383 258 604 312 creatos
619 252 880 314 conules
897 271 1035 312 esse.
1091 252 1361 331 Augures
1376 271 1497 312 rem
1516 253 1587 311 ad
1608 259 1909 314 senatum:

219 340 464 405 senatus,
482 339 547 391 ut
569 333 900 392 abdicarent
920 333 1207 392 consules:
1243 332 1665 391 abdicaverunt.
1742 332 1911 403 Quae

221 413 545 492 quaerimus
577 412 838 490 exempla
867 413 1119 471 maiora?
1192 413 1301 472 Vir
1332 413 1790 490 sapientissimus
1823 421 1911 471 at—

221 513 331 572 que
359 492 514 551 haud
543 493 715 550 sciam
753 512 825 550 an
860 493 1123 550 omnium
1155 493 1677 570 praestantissimus
1710 511 1912 571 pecca-

219 581 346 631 tum
381 593 564 645 suum,
589 571 746 650 quod
780 571 949 630 celari
975 581 1187 649 posset,
1210 571 1471 630 confiteri
1497 572 1701 631 maluit
1730 591 1910 650 quam

218 652 448 712 haerere
475 653 537 710 in
563 673 625 711 re
651 651 882 730 publica
907 652 1281 729 religionem:
1324 652 1584 711 consules
1610 671 1908 711 summum

219 733 524 810 imperium
559 733 756 790 statim
789 732 1077 810 deponere
1112 751 1283 810 quam
1313 732 1374 791 id
1401 739 1594 790 tenere
1622 740 1909 810 punctum

219 813 496 891 temporis
513 821 714 871 contra
728 812 1081 889 religionem.
1146 817 1238 870 12.
1260 811 1471 889 Magna
1482 831 1763 889 augurum
1777 831 1913 870 auc-

219 894 438 951 toritas.
515 891 706 962 Quid?
735 890 1103 969 haruspicum
1123 910 1212 949 ars
1228 908 1421 950 nonne
1438 892 1669 951 divina?
1742 892 1910 950 Haec

219 972 658 1032 innumerabilia
684 991 754 1030 ex
782 971 984 1030 eodem
1013 990 1222 1048 genere
1244 973 1345 1049 qui
1365 972 1786 1044 videat‚'nonne
1812 989 1912 1030 co-

219 1060 390 1128 gatur
415 1051 674 1110 confiteri
695 1051 834 1109 deos
862 1053 1020 1110 esse?
1091 1050 1353 1121 Quorum
1382 1052 1538 1110 enim
1564 1052 1909 1130 interpret-es

221 1140 371 1204 sunt,
393 1151 491 1190 eos
511 1132 668 1209 ipsos
695 1150 816 1189 esse
845 1137 998 1190 certe
1023 1150 1252 1189 necesse
1278 1140 1399 1190 est:
1442 1131 1682 1190 deorum
1710 1138 1907 1191 autem

221 1213 559 1289 interpretes
581 1218 730 1283 sunt,
745 1211 884 1269 deos
899 1211 1080 1288 igitur
1099 1230 1219 1269 esse
1236 1211 1537 1270 fateamur.
1601 1212 1685 1270 At
1702 1212 1927 1270 fortas-·

221 1312 281 1350 se
308 1311 427 1349 non
457 1292 650 1349 omnia
677 1291 964 1362 eveniunt,
987 1310 1132 1368 quae
1152 1291 1449 1368 praedicta
1472 1298 1621 1350 sunt.
1700 1292 1791 1350 Ne
1818 1311 1911 1350 ae-

220 1373 310 1450 gri
333 1371 569 1449 quidem
598 1371 732 1449 quia
759 1391 876 1429 non
905 1390 1107 1428 omnes
1133 1371 1551 1444 convalescunt,
1572 1371 1787 1430 idcirco
1816 1391 1909 1430 ars

221 1452 378 1510 nulla
403 1451 818 1510 medicinaest.
901 1449 1080 1528 Signa
1113 1451 1495 1510 ostenduntur
1526 1471 1561 1510 a
1592 1452 1683 1510 dis
1715 1471 1908 1510 rerum

221 1532 561 1591 futurarum.
646 1531 714 1588 In
736 1531 828 1589 his
855 1531 905 1590 si
926 1531 1027 1608 qui
1047 1539 1390 1603 erraverunt,
1410 1551 1529 1590 non
1551 1531 1790 1590 deorum
1810 1551 1911 1590 na-

222 1620 366 1683 tura,
389 1611 489 1669 sed
511 1611 812 1669 hominum
833 1611 1163 1670 coniectura
1182 1612 1455 1689 peccavit.
1533 1611 1737 1690 Itaque
1758 1612 1910 1671 inter

225 1710 424 1749 omnes
452 1692 713 1750 omnium
741 1691 1004 1768 gentium
1038 1711 1265 1751 summa
1296 1699 1537 1750 constat.
1620 1691 1910 1751 Omnibus

224 1772 378 1830 enim
406 1771 669 1830 innatum
698 1780 785 1830 est
811 1780 872 1830 et
897 1771 959 1829 in
985 1771 1181 1830 animo
1210 1772 1374 1850 quasi
1400 1770 1749 1851 insculptum
1786 1792 1909 1831 esse

225 1853 378 1911 deos
455 1852 528 1911 V.
579 1858 670 1910 13.
707 1851 915 1922 Quales
937 1852 1053 1910 sint
1073 1852 1289 1911 varium
1316 1859 1434 1911 est:
1477 1872 1599 1911 esse
1619 1872 1792 1912 nemo
1814 1872 1911 1911 ne-

223 1939 339 2009 gat.
409 1931 716 1995 Cleanthes
737 1932 968 2010 quidem
991 1938 1188 1991 noster
1204 1938 1477 2009 quattuor
1492 1933 1565 1993 de
1586 1934 1772 1991 causis
1788 1934 1913 1991 dix·-

223 2013 273 2071 it
293 2012 355 2069 in
383 2012 590 2070 animis
609 2011 911 2069 hominum
937 2012 1277 2070 informatas
1305 2012 1541 2071 deorum
1573 2032 1695 2071 esse
1722 2013 1912 2072 notio·

224 2112 341 2150 nes.
426 2092 684 2151 Primam
715 2093 912 2169 posuit
945 2112 1088 2163 eam,
1114 2092 1187 2149 de
1228 2111 1342 2169 qua
1381 2093 1559 2151 modo
1600 2093 1740 2162 dixi,
1765 2112 1911 2171 quae

226 2180 352 2230 orta
372 2179 519 2230 esset
539 2192 610 2231 ex
631 2172 1029 2250 praesensione
1050 2191 1240 2229 rerum
1262 2172 1619 2232 futurarum:
1654 2174 1907 2244 alteram,

227 2272 398 2331 quam
427 2253 744 2330 ceperimus
773 2271 842 2309 ex
870 2251 1267 2328 magnitudine
1289 2253 1912 2331 commodorum,quae

226 2332 621 2409 percipiuntur
647 2331 788 2389 caeli
809 2332 1242 2407 temperatione,
1257 2332 1613 2392 fecunditate
1633 2341 1911 2391 terrarum

226 2412 576 2488 aliarumque
616 2410 1095 2469 commoditatum
1138 2412 1523 2489 complurium
1564 2414 1764 2491 copia:
1817 2418 1910 2471 14.

226 2492 473 2564 tertiam,
495 2510 640 2569 quae
667 2498 903 2549 terreret
930 2492 1154 2549 animos
1181 2491 1540 2565 fulminibuS,
1560 2493 1915 2570 tempestati·

226 2572 350 2643 bu3‚
376 2571 604 2637 nimbiS,
635 2571 880 2643 nivibuS,
911 2571 1315 2649 grandinibuS,
1329 2574 1615 2644 vastitate,
1646 2572 1914 2651 pestilen-

228 2652 324 2722 tia,
355 2659 537 2709 terrae
582 2651 838 2708 motibus
881 2659 942 2709 et
981 2670 1150 2729 saepe
1190 2651 1519 2710 fremitibus
1559 2651 1914 2731 lapideisque

227 2731 508 2790 imbribus
541 2739 600 2789 et
627 2732 810 2808 guttis
837 2731 1111 2789 imbrium
1142 2733 1302 2808 quasi
1332 2733 1597 2804 cruentiS‚
1622 2740 1749 2790 tum
1776 2732 1914 2789 labi·

226 2812 336 2869 bus
363 2818 463 2869 aut
489 2811 804 2889 repentinis
830 2818 1108 2869 terrarum
1135 2809 1405 2883 hiatibus,
1421 2819 1546 2869 tum
1568 2819 1794 2889 praeter
1819 2830 1915 2869 na-

228 2900 414 2951 turam
446 2892 747 2949 hominum
777 2891 1179 2968 pecudumque
1212 2892 1513 2968 portentiS,
1533 2899 1660 2951 tum
1689 2890 1915 2950 facibus

229 2973 364 3030 visis
391 2972 745 3044 caelest-ibus,
768 2980 894 3029 tum
923 2970 1102 3029 stellis
1126 2971 1218 3042 iis,
1243 2990 1383 3049 quas
1410 2971 1613 3030 Graeci
1642 2978 1911 3042 cometaS,

227 3053 412 3110 nostri
434 3053 787 3111 cincinnatas
808 3057 1031 3123 vocant,
1053 3070 1199 3128 quae
1220 3070 1403 3129 nuper
1422 3052 1573 3110 bello
1594 3051 1913 3111 Octaviano

228 3152 564 3209 magnarum
587 3132 823 3190 fuerunt
840 3131 1228 3189 calamitatum
1247 3132 1634 3209 praenuntiae,
1652 3138 1775 3190 tum
1797 3131 1913 3189 sole

229 3213 541 3289 geminate,
564 3212 736 3289 quod,
756 3218 822 3271 ut
850 3230 882 3268 e
909 3217 1072 3289 patre
1099 3210 1311 3283 audivi,
1334 3210 1626 3269 Tuditano
1654 3218 1715 3270 ct
1735 3210 1914 3291 Aquif
