2199 3546
583 158 721 208 ΜΒ.
748 157 870 218 ιιι,
894 157 1049 206 CAP.
1079 155 1388 218 x11.-xv.,
1416 155 1447 216 ς
1474 158 1657 208 31-38.
1876 159 1969 207 119

284 279 410 317 sum
444 278 564 316 non
601 277 802 316 omnes
834 258 1283 335 interpretantur
1312 276 1431 315 uno
1464 257 1659 330 modO,
1691 258 1792 336 qui
1835 278 1971 336 quo-

281 340 435 397 niam
467 339 608 416 quid
631 339 845 396 diceret
867 338 1123 430 intellegi
1146 338 1347 407 noluit,
1374 339 1727 411 omittamus,
1756 358 1855 397 vos
1878 359 1972 396 au-

281 427 401 478 tem
431 420 513 476 ita
540 419 748 489 dicitis,
775 437 1002 475 omnem
1036 419 1155 474 vim
1184 437 1304 484 esse
1326 419 1537 495 ignem,
1556 420 1751 512 itaque
1774 426 1832 476 et
1854 419 1973 476 ani-

283 506 522 570 mantes,
553 517 684 556 cum
718 497 872 556 calor
904 498 1195 568 defecerit,
1220 505 1347 554 tum
1374 496 1607 556 interire
1634 506 1693 556 et
1720 499 1782 556 in
1810 500 1971 556 omni

283 586 490 636 natura
519 597 708 636 rerum
735 577 796 634 id
826 578 1030 648 vivere,
1054 577 1118 634 id
1145 578 1353 654 vigere,
1380 579 1536 654 quod
1564 578 1758 636 caleat.
1841 579 1971 654 Ego

282 665 475 716 autem
509 677 625 716 non
654 657 927 733 intellego
963 676 1078 734 quo
1108 657 1286 714 modo
1320 657 1504 715 calore
1538 659 1819 716 exstincto
1854 677 1973 716 cor-

282 758 426 815 pora
450 739 750 808 intereant,
775 756 892 793 non
920 737 1205 794 intereant
1232 756 1431 794 umore
1460 745 1560 794 aut
1582 738 1786 814 spiritu
1807 739 1973 795 amis-

284 838 364 889 so,
390 817 725 895 praesertim
747 836 879 875 cum
902 817 1188 874 intereant
1208 817 1380 874 etiam
1406 818 1587 874 nimio
1610 818 1810 876 calore.
1876 823 1969 876 36.

284 897 474 966 Quam
520 897 596 954 ob
640 916 762 954 rem
806 896 870 953 id
915 893 1153 973 quidem
1185 915 1491 954 commune
1524 904 1611 954 est
1644 897 1717 954 de
1750 897 1971 955 calid0.

285 997 486 1035 verum
518 985 712 1034 tamen
746 977 1041 1034 videamus
1082 977 1317 1034 exitum.
1402 975 1494 1033 Ita
1525 976 1714 1048 vultiS,
1746 977 1970 1054 opinor,

286 1057 432 1114 nihil
469 1077 590 1115 esse
623 1057 835 1114 animal
863 1063 922 1114 et
949 1057 1201 1114 sentiens
1228 1060 1287 1113 in
1318 1063 1521 1114 natura
1548 1064 1719 1134 atque
1750 1057 1972 1114 mundo

284 1144 512 1215 praeter
551 1137 763 1214 ignem.
849 1135 961 1205 Qui
1003 1136 1189 1213 magis
1231 1155 1401 1212 quam
1437 1143 1660 1214 praeter
1700 1137 1969 1208 animam,

281 1217 439 1274 unde
487 1216 868 1274 animantium
911 1235 1141 1293 quoque
1196 1223 1421 1273 constet
1462 1217 1703 1287 animus,
1744 1235 1813 1274 ex
1856 1235 1971 1294 quo

285 1296 496 1354 animal
525 1295 772 1354 dicitur?
854 1294 983 1364 Quo
1012 1296 1191 1353 modo
1226 1303 1419 1354 autem
1448 1296 1557 1354 hoc
1588 1297 1749 1374 quasi
1776 1316 1977 1354 conce-

285 1377 456 1434 datur
483 1377 726 1446 sumitis,
750 1376 896 1434 nihil
925 1395 1046 1433 esse
1074 1377 1331 1433 animum
1360 1377 1472 1432 nisi
1499 1378 1733 1453 ignem?
1772 1377 1977 1452 proba-

283 1456 458 1514 bilius
487 1457 640 1514 enim
671 1457 898 1514 videtur
917 1456 1032 1513 tale
1063 1455 1338 1532 quiddam
1368 1475 1488 1513 esse
1517 1457 1789 1527 animum,
1810 1464 1877 1513 ut
1899 1457 1977 1513 sit

287 1557 356 1594 ex
383 1537 507 1612 igni
537 1543 709 1612 atque
737 1537 930 1594 anima
955 1543 1357 1613 temperatum.
1442 1536 1614 1604 Quod
1644 1556 1691 1593 si
1721 1537 1871 1612 ignis
1905 1555 1974 1593 ex

286 1636 406 1674 sese
440 1616 652 1673 animal
686 1623 774 1674 est
806 1616 962 1672 nulla
991 1635 1050 1673 se
1078 1616 1189 1672 alia
1216 1616 1566 1674 admiscente
1594 1623 1812 1687 natura,
1839 1635 1977 1693 quo-

286 1698 441 1754 niam
488 1697 552 1767 is,
584 1715 716 1754 cum
763 1696 912 1753 inest
955 1697 1017 1753 in
1061 1696 1397 1772 corporibus
1436 1697 1661 1767 nostris,
1694 1695 1868 1754 efficit
1909 1702 1977 1752 ut

287 1778 612 1847 sentiamuS,
645 1796 762 1834 non
797 1784 990 1854 potest
1021 1782 1144 1853 ipse
1178 1797 1299 1834 esse
1332 1778 1455 1834 sine
1490 1796 1673 1835 sensu.
1758 1777 1976 1834 Rursus

285 1858 486 1915 eadem
514 1857 630 1914 dici
649 1865 925 1935 possunt:
971 1857 1254 1935 quidquid
1278 1864 1363 1913 est
1392 1876 1544 1914 enim
1569 1857 1726 1933 quod
1746 1876 1976 1913 sensum

286 1937 510 2009 habeat,
534 1938 598 1994 id
624 1956 852 1995 necesse
886 1944 972 1994 est
1006 1938 1217 1994 sentiat
1250 1943 1309 1994 et
1342 1930 1699 2013 voluptatem
1734 1944 1792 1994 et
1820 1937 1978 1993 dolo-

286 2036 442 2075 rem:
486 2018 560 2075 ad
583 2037 754 2095 quem
777 2025 970 2075 autem
993 2015 1160 2074 dolor
1182 2018 1388 2089 veniat,
1410 2018 1484 2074 ad
1506 2017 1771 2074 eumdem
1802 2018 1975 2074 etiam

289 2098 584 2155 interitum
615 2098 822 2155 venire.
905 2097 997 2154 Ita
1023 2096 1089 2154 fit
1119 2104 1183 2154 ut
1210 2116 1287 2154 ne
1312 2097 1505 2173 ignem
1537 2097 1767 2173 quidem
1792 2094 1979 2155 effice-

287 2198 348 2235 re
381 2178 616 2255 possitis
658 2176 1351 2252 aetemum.37.ss211id
1386 2178 1573 2235 enim.
1558 2179 1579 2221 2
1619 2196 1735 2235 non
1768 2178 1975 2235 iisdem

289 2259 454 2315 vobis
485 2258 673 2336 placet
707 2260 940 2315 ornnem
972 2258 1169 2335 ignem
1203 2264 1401 2335 pastus
1428 2258 1687 2335 indigere
1722 2278 1825 2317 nec
1852 2278 1978 2335 per-

287 2358 518 2396 manere
563 2337 680 2395 ullo
720 2338 897 2396 modo
932 2357 1117 2415 posse,
1148 2339 1260 2395 nisi
1293 2338 1503 2396 alatur:
1548 2339 1623 2396 ali
1656 2346 1849 2397 autem
1891 2358 1979 2395 so-

289 2419 420 2489 lem,
459 2419 670 2490 lunam,
706 2417 925 2495 reliqua
971 2425 1123 2475 astra
1176 2419 1355 2496 aquis,
1392 2419 1503 2476 alia
1550 2420 1830 2491 dulcibus,
1867 2418 1979 2476 alia

289 2500 558 2556 marinis?
599 2518 838 2576 eamque
867 2518 1094 2556 causam
1124 2498 1431 2556 Cleanthes
1458 2499 1648 2558 adfert
1675 2519 1776 2557 cur
1804 2518 1863 2556 se
1892 2499 1978 2556 sol

290 2580 502 2636 referat
529 2598 634 2635 nec
663 2578 892 2655 longius
917 2578 1318 2656 progrediatur
1346 2579 1634 2637 solstitiali
1662 2579 1789 2637 orbi
1817 2580 1981 2637 item-

293 2677 404 2735 que
437 2658 684 2715 brumali
711 2678 784 2715 ne
812 2657 1042 2735 longius
1068 2659 1327 2716 discedat
1347 2679 1381 2716 a
1402 2659 1547 2717 cibo.
1625 2660 1758 2717 Hoc
1786 2666 1978 2716 totum

293 2737 458 2814 quale
494 2739 569 2795 sit
602 2756 771 2795 mox:
816 2757 968 2795 nunc
1002 2744 1195 2795 autem
1230 2739 1604 2797 concludatur
1629 2739 1789 2811 illud,
1822 2738 1980 2816 quod

294 2817 524 2875 interire
557 2818 756 2894 possit,
787 2818 850 2875 id
883 2823 1179 2874 aeternum
1208 2838 1324 2875 non
1356 2838 1475 2876 esse
1504 2826 1739 2876 natura:
1783 2820 1978 2895 ignem

292 2905 486 2955 autem
521 2898 883 2955 interiturum
921 2916 1059 2967 esse,
1090 2898 1203 2955 nisi
1230 2898 1445 2956 alatur:
1496 2918 1614 2956 non
1649 2917 1769 2955 esse
1802 2898 1981 2973 igitur

293 2984 494 3035 natura
525 2978 718 3054 ignem
748 2977 1177 3053 sempiternum.

375 3056 510 3115 XV.
579 3062 670 3113 38.
709 3055 948 3124 Qualem
971 3062 1163 3112 autem
1186 3057 1357 3114 deum
1383 3055 1710 3130 intellegere
1732 3073 1837 3110 nos
1855 3072 1983 3129 pos-

295 3155 493 3193 sumus
535 3136 690 3193 nulla
731 3136 942 3191 virtute
982 3136 1345 3210 praeditqu
1427 3134 1582 3201 Quid
1624 3132 1815 3189 enim?
1854 3151 1983 3207 pru-

295 3216 628 3275 dentiamne
671 3215 780 3273 deo
822 3214 1157 3287 tribuemuS,
1190 3233 1336 3289 quae
1377 3218 1602 3271 constat
1642 3230 1713 3269 ex
1750 3211 1985 3269 scientia

2068 1340 2085 1347 l

2163 1273 2193 1522 *bd-„b-
