2199 3546
259 162 357 210 206
775 148 875 199 DE
913 146 1419 199 DIVINATIONE.
1452 186 1459 191 .

347 256 476 313 XII.
525 256 616 309 28.
652 250 741 309 Ut
775 250 966 308 ordiar
998 250 1070 306 ab
1106 248 1497 326 haruspicina,⁷
1510 268 1681 329 quam
1721 268 1831 326 ego
1864 250 1946 309 rei

259 334 518 411 publicae
573 350 743 388 causa
795 329 1233 405 communisque
1292 330 1589 407 religionis
1648 329 1946 387 colendam

257 431 475 471 censeo.
561 409 677 468 Sed
705 410 811 467 soli
839 428 1068 467 sumus:
1114 410 1248 466 licet
1276 428 1472 467 verum
1502 410 1797 486 exquirere
1826 412 1949 468 sine

257 491 490 563 invidia,
514 490 659 548 mihi
685 490 1020 567 praesertim
1049 488 1123 547 de
1152 488 1435 567 plerisque
1466 489 1771 550 dubitanti.
1858 490 1949 547 In-

257 571 580 648 spiciamuS,
613 570 663 627 si
709 568 913 647 placet,
945 575 1076 626 exta
1117 569 1387 646 primum.
1474 568 1813 627 Persuaderi
1845 571 1946 647 igi-

255 657 352 707 tur
377 652 642 728 cuiquam
665 656 860 727 potest
879 666 962 720 ea,
984 668 1131 725 quae
1160 647 1469 725 significari
1492 648 1761 707 dicuntur
1780 651 1942 721 extiS,

255 731 492 807 cognita
522 750 643 788 esse
676 730 749 786 ab
781 728 1179 805 haruspicibus
1214 727 1947 787 observatione-diuturna?

257 808 445 879 Quam
479 810 750 867 diuturna
783 809 894 866 ista
925 808 1078 865 fuit?
1120 814 1221 865 aut
1246 826 1426 885 quam
1456 809 1774 887 longinquo
1806 817 1950 868 tem-

257 908 396 967 pore
426 889 711 947 observari
731 888 963 967 potuit?
996 894 1098 945 aut
1121 906 1237 965 quo
1264 888 1441 946 modo
1464 895 1550 946 est
1573 888 1779 947 collata
1798 890 1949 947 inter

255 971 430 1047 ipsos),
464 988 608 1045 quae
639 988 774 1046 pars
814 968 1064 1039 inimica,
1098 984 1244 1046 quae
1277 988 1413 1045 pars
1440 969 1739 1026 familiaris
1780 977 1943 1041 esset,

258 1049 414 1125 quod
462 1048 656 1106 fissum
707 1048 1041 1125 periculum,
1088 1048 1246 1126 quod
1293 1048 1664 1106 commodum
1697 1049 1948 1126 aliquod

223 1150 228 1153 ·
257 1128 620 1186 ostenderet?
700 1127 798 1185 An
847 1126 987 1185 haec
1035 1128 1187 1185 inter
1230 1148 1289 1185 se
1330 1128 1659 1205 haruspices
1702 1128 1943 1201 Etrusci,

257 1208 387 1280 Elii,
425 1207 723 1285 Aegyptii,
760 1206 945 1264 Poeni
988 1208 1391 1266 contulerunt?
1470 1208 1556 1266 At
1594 1208 1674 1280 id,
1706 1215 1950 1285 praeter-

259 1307 432 1365 quam
467 1287 623 1365 quod
650 1286 772 1344 fieri
805 1306 925 1344 non
958 1288 1169 1364 potuit,
1192 1307 1265 1345 ne
1298 1288 1440 1365 fingi
1475 1289 1707 1366 quidem
1736 1295 1945 1365 potest.

256 1368 424 1426 Alios
457 1368 612 1426 enim
647 1366 762 1425 alio
797 1385 959 1425 more
991 1368 1255 1449 videmus
1287 1375 1418 1425 exta
1449 1368 1811 1445 interpretari
1840 1386 1949 1425 nec

256 1467 378 1506 esse
425 1466 600 1506 unam
651 1448 911 1505 omnium
961 1447 1341 1524 disciplinam.
1428 1454 1521 1506 29.
1566 1448 1644 1505 Et
1691 1456 1858 1519 certe,
1898 1449 1951 1505 si

256 1535 346 1585 est
377 1528 439 1584 in
481 1527 626 1585 extis
669 1526 860 1605 aliqua
891 1528 980 1584 vis
1013 1547 1159 1605 quae
1192 1528 1441 1587 declaret
1472 1529 1684 1600 futura,
1720 1548 1949 1586 necesse

257 1614 346 1664 est
377 1626 505 1665 eam
539 1614 640 1665 aut
668 1626 799 1665 cum
833 1626 1022 1666 rerum
1057 1615 1261 1664 natura
1292 1626 1415 1665 esse
1448 1608 1813 1665 coniunctam
1848 1616 1949 1665 aut

243 1687 608 1744 conformari
638 1687 889 1765 quodam
922 1687 1104 1744 modo
1136 1688 1372 1745 numine
1400 1689 1639 1746 deorum
1668 1688 1839 1764 vique
1866 1688 1950 1744 di-

257 1768 405 1826 vina.
491 1765 641 1826 Cum
670 1787 859 1826 rerum
894 1775 1101 1826 natura
1124 1775 1289 1825 tanta
1314 1775 1547 1846 tamque
1573 1768 1861 1846 praeclara
1884 1768 1949 1825 in

257 1865 460 1906 omnes
498 1855 691 1925 partes
741 1854 1048 1925 motusque
1092 1847 1305 1906 diffusa
1336 1849 1477 1926 quid
1507 1848 1715 1906 habere
1754 1855 1951 1924 potest

256 1947 581 2000 commune,
605 1947 723 1986 non
747 1927 935 1985 dicam
958 1927 1334 2006 gallinaceum
1356 1928 1653 1986 fel—sunt
1673 1929 1825 1986 enim
1848 1927 1951 2006 qui
2058 1985 2069 2004 ,

257 2008 346 2066 vel
395 2009 761 2086 argutissima
807 2008 947 2065 haec
997 2014 1130 2065 exta
1182 2026 1305 2065 esse
1353 2008 1753 2066 dicant—sed
1798 2009 1948 2067 tauri

259 2089 441 2165 opimi
476 2089 634 2146 iecur
676 2095 777 2146 aut
811 2106 910 2145 cor
952 2094 1055 2145 aut
1085 2087 1325 2164 pulmo?
1368 2088 1507 2164 quid
1540 2087 1715 2146 habet
1746 2095 1951 2146 natura

257 2167 371 2225 tale
407 2168 565 2245 quod
593 2167 877 2226 declarare
903 2167 1090 2244 possit
1119 2167 1259 2244 quid
1286 2167 1548 2225 futurum
1582 2169 1695 2226 siti
1775 2167 1945 2226 XIII.

259 2253 354 2305 30.
397 2247 768 2305 Democritus
802 2254 994 2304 tamen
1029 2265 1149 2303 non
1182 2247 1387 2305 inseite
1418 2254 1683 2324 nugatur,
1708 2255 1774 2306 ut
1807 2247 1951 2328 phy·

259 2327 424 2398 sicus,
451 2346 566 2405 quo
595 2345 803 2404 genere
832 2326 977 2384 nihil
1005 2326 1411 2403 adrogantius:

291 2447 437 2510 Quod
465 2456 540 2498 est
562 2453 679 2498 ante
701 2447 852 2510 pedes
872 2461 1021 2496 nemo
1045 2455 1251 2512 spectat,
1275 2447 1397 2496 caeli
1422 2456 1705 2496 scrutantur
1726 2447 1915 2511 plagas.

259 2565 479 2624 Verum
513 2566 562 2624 is
594 2571 788 2623 tamen
822 2563 1026 2622 habitu
1059 2571 1323 2622 extorum
1366 2571 1425 2623 et
1458 2564 1647 2622 colore
1680 2564 1952 2622 declarari

259 2652 454 2703 censet
481 2645 620 2704 haec
647 2645 966 2716 dumtaxat,
991 2643 1189 2722 pabuli
1217 2663 1398 2721 genus
1430 2654 1489 2703 et
1517 2663 1711 2703 earum
1740 2663 1950 2714 rerum,

263 2745 402 2802 quas
443 2732 595 2783 terra
633 2731 912 2803 procreet,
943 2724 1034 2781 vel
1075 2724 1397 2784 ubertatem
1438 2724 1529 2784 vel
1570 2723 1909 2782 tenuitatem
1936 2741 1952 2780 :

253 2805 650 2863 salubritatem
685 2805 863 2862 etiam
895 2811 998 2862 aut
1029 2804 1417 2882 pestilentia-m
1452 2804 1599 2861 extis
1640 2803 1953 2880 significari

261 2893 445 2962 putat.
529 2885 583 2944 O
611 2884 912 2942 mortalem
941 2884 1194 2954 beatum,
1218 2884 1311 2942 cui
1339 2891 1495 2942 certo
1524 2883 1643 2940 seio
1671 2882 1953 2940 iudicium

263 2983 579 3043 numquam
621 2963 905 3022 defuisse!
989 2963 1263 3021 Huncine
1302 2962 1597 3020 hominem
1640 2963 1817 3020 tantis
1858 2963 1956 3020 de-

262 3043 532 3102 lectatum
567 3063 690 3102 esse
721 3042 910 3120 nugis,
939 3049 1008 3100 ut
1039 3061 1160 3100 non
1193 3041 1413 3103 videret
1438 3049 1567 3100 tum
1592 3042 1857 3100 futurum
1888 3042 1955 3099 id

240 3125 380 3180 .veri
415 3123 602 3182 simile
633 3143 770 3192 esse,
801 3123 1064 3180 omnium
1097 3139 1232 3182 eum
1258 3121 1549 3199 pecudum
1582 3120 1953 3180 exta-eodem

263 3206 523 3280 tempore
556 3203 616 3260 in
651 3201 899 3260 eundem
937 3201 1201 3260 habitum
1236 3219 1295 3260 se
1323 3202 1702 3279 coloremque·
1720 3219 1942 3258 conver
