2199 3546
1816 4 2048 176 R

582 168 722 220 LIB.
754 170 818 232 1.‚
840 170 994 220 CAP.
1028 167 1742 231 XXIV.-XXV1.‚§o7-73.
1932 170 1997 219 27
2055 183 2087 208 *x

320 291 411 343 ne,
432 271 481 330 si
507 291 688 330 unum
710 273 898 330 visum
927 279 1076 331 esset
1103 272 1331 344 falsum,
1351 272 1570 330 nullum
1601 279 1750 329 esset
1768 287 1991 331 verum:

320 370 521 410 omnes
554 371 750 410 sensus
777 353 896 410 veri
929 353 1166 411 nuntios
1199 353 1348 410 dixit
1380 371 1515 410 esse.
1602 351 1759 410 Nihil
1792 352 1997 412 horum

318 432 430 490 nisi
473 431 648 491 caldo.
742 432 1077 490 Graviorem
1122 433 1273 490 enim
1310 432 1539 510 plagam
1573 432 1903 510 accipiebat,
1930 439 2000 492 ut

315 511 586 570 leviorem
621 512 934 590 repelleret.
1022 513 1115 570 71.
1154 512 1315 570 Idem
1358 512 1501 570 facit
1534 513 1594 570 in
1636 522 1839 572 natura
1868 513 2001 572 deo—

315 609 462 650 rum.
551 591 711 649 Dum
751 591 1185 651 individuorum
1227 611 1533 670 corporum
1576 594 1999 652 concretionem

313 669 488 748 fugit,
519 691 592 728 ne
636 672 903 730 interitus
946 679 1006 730 et
1050 672 1352 750 dissipatio
1395 681 1791 751 consequatur,
1826 681 2001 751 negat

309 769 436 808 esse
457 770 665 828 corpus
686 751 942 823 deorum,
963 753 1065 810 sed
1083 760 1381 829 tamquam
1402 771 1626 830 corpuS,
1650 773 1755 811 nec
1776 755 2002 832 sangui·

305 849 464 902 nem,
487 831 591 889 sed
612 838 914 908 tamquam
939 833 1298 909 sanguinem.
1364 832 1595 891 XXVI.
1630 833 1894 891 Mirabile
1918 834 2001 892 vi-

312 909 499 981 detur,
531 911 692 987 quod
733 930 852 968 non
895 912 1084 971 rideat
1130 912 1431 990 haruspex,
1458 932 1593 971 cum
1636 913 1997 992 haruspicem

311 990 555 1048 viderit:
590 990 702 1048 hoc
728 991 1064 1063 mirabilius,
1089 993 1247 1069 quod
1276 1011 1379 1050 vos
1404 993 1556 1050 inter
1582 1012 1685 1051 vos
1712 994 1889 1052 risum
1918 1002 1999 1052 te-

310 1088 445 1127 nere
462 1071 712 1148 possitis
772 1071 828 1128 N
829 1091 903 1129 on
928 1079 1016 1130 est
1035 1091 1259 1149 corpus,
1280 1073 1379 1130 sed
1403 1073 1565 1151 quasi
1586 1092 1807 1151 corpus
1862 1073 1999 1133 Hoc

310 1149 700 1228 intellegerem
731 1151 902 1228 quale
935 1159 1101 1223 esset,
1126 1153 1175 1212 si
1203 1152 1266 1209 id
1292 1153 1353 1209 in
1382 1153 1527 1210 ceris
1558 1152 1871 1231 fingeretur
1896 1161 2000 1212 aut

309 1229 582 1288 fictilibus
615 1230 827 1307 figuris,
913 1231 980 1288 In
1015 1232 1128 1291 deo
1163 1233 1304 1310 quid
1345 1233 1422 1290 sit
1455 1233 1616 1310 quasi
1657 1252 1867 1311 corpus
1898 1243 1999 1292 aut

311 1311 473 1388 quasi
515 1311 748 1387 sanguis
780 1311 1111 1389 intellegere
1152 1331 1270 1369 non
1314 1332 1567 1389 possum.
1653 1313 1743 1372 Ne
1775 1321 1842 1372 tu
1876 1315 1999 1391 qui—

309 1389 460 1462 dem,
484 1389 687 1462 Vellei,
712 1391 814 1448 sed
842 1411 958 1449 non
994 1392 1080 1450 vis
1108 1393 1293 1450 fateri.
1380 1393 1415 1450 ¹7
1422 1399 1473 1450 2.
1512 1392 1632 1450 Ista
1658 1394 1812 1452 enim
1842 1413 1877 1451 a
1903 1413 2001 1452 vo-

309 1469 398 1528 bis
432 1471 595 1548 quasi
628 1471 845 1528 dictata
877 1472 1212 1543 redduntur,
1245 1491 1389 1550 quae
1423 1473 1707 1550 Epicurus
1746 1474 1998 1532 oscitans

307 1550 627 1608 alucinatus
670 1558 774 1621 est,
800 1571 932 1608 cum
970 1552 1205 1629 quidem
1247 1553 1604 1630 gloriaretur,
1636 1561 1702 1611 ut
1734 1554 1998 1612 videmus

261 1702 266 1706 α
307 1630 367 1687 in
398 1631 640 1708 seriptis,
666 1650 726 1688 se
754 1632 1094 1708 magistrum
1126 1631 1393 1690 habuisse
1419 1632 1659 1692 nullum.
1737 1633 1911 1704 Quod
1943 1635 1997 1693 ei

306 1729 423 1767 non
446 1711 799 1789 praedicanti
820 1719 1013 1770 tamen
1035 1712 1206 1770 facile
1234 1713 1500 1792 equidem
1522 1713 1828 1787 crederem,
1849 1715 1997 1772 sicut

305 1791 444 1849 mali
484 1791 731 1849 aedificii
772 1792 1012 1850 domino
1053 1793 1326 1870 glorianti
1360 1813 1420 1851 se
1454 1794 1827 1852 architectum
1874 1816 1993 1853 non

306 1870 586 1929 habuisse.
674 1872 836 1929 Nihil
870 1873 1024 1930 enim
1055 1874 1109 1929 ei
1137 1873 1256 1931 olet
1288 1892 1357 1931 ex
1388 1873 1721 1945 Academia,
1746 1875 1889 1932 nihil
1926 1896 1995 1933 ex

302 1950 512 2027 Lyceo,
539 1951 685 2009 nihil
713 1972 785 2010 ne
813 1972 844 2009 e
873 1952 1191 2030 puerilibus
1218 1953 1453 2030 quidem
1483 1953 1817 2031 disciplinis.
1885 1955 1997 2013 Xe-

304 2038 598 2089 nocratem
626 2032 823 2089 audire
851 2033 1062 2109 potuit,
1085 2051 1257 2110 quem
1286 2033 1491 2104 virum,
1516 2033 1577 2090 di
1607 2034 1994 2094 immortales!

305 2117 365 2169 et
411 2118 547 2169 sunt
592 2112 691 2190 qui
736 2119 944 2190 putent
987 2112 1248 2170 audisse:
1292 2114 1417 2189 ipse
1461 2131 1579 2170 non
1622 2113 1777 2170 vult:
1824 2115 1995 2172 credo

302 2191 434 2269 plus
461 2192 696 2249 nemini.
783 2191 1156 2270 Pamphilum
1210 2192 1513 2270 quendam,
1545 2192 1806 2251 Platonis
1838 2196 1991 2255 audi·

301 2278 506 2342 torem,
531 2272 614 2329 ait
645 2292 682 2329 a
721 2292 780 2329 se
815 2271 973 2329 Sami
1007 2272 1301 2330 auditum:
1344 2272 1429 2330 ibi
1469 2272 1622 2330 enim
1664 2272 1997 2331 adulescens

302 2350 603 2409 habitabat
629 2370 760 2409 cum
791 2361 954 2428 patre
983 2359 1042 2410 et
1074 2352 1366 2422 fratribus,
1392 2352 1550 2429 quod
1578 2353 1638 2409 in
1672 2372 1799 2411 eam
1830 2360 1996 2430 pater

303 2431 427 2488 eius
455 2430 696 2490 Neocles
725 2432 986 2509 agripeta
1013 2439 1277 2490 venerat:
1322 2433 1422 2489 sed
1451 2452 1581 2489 cum
1617 2431 1833 2508 agellus
1862 2452 1991 2490 eum

302 2530 418 2567 non
465 2512 602 2568 satis
643 2511 834 2582 aleret,
860 2519 926 2569 ut
960 2513 1183 2589 opinor,
1215 2512 1335 2569 ludi
1375 2512 1647 2589 magister
1678 2512 1809 2570 fuit.
1898 2514 1929 2569 7
1940 2518 1990 2570 3.

303 2590 420 2647 Sed
452 2590 607 2648 hune
641 2591 1004 2662 Platonicum
1042 2591 1282 2649 mirifice
1320 2592 1640 2649 contemnit
1676 2592 1991 2668 Epicurus:

303 2670 386 2727 ita
419 2670 628 2728 metuit
661 2690 732 2728 ne
768 2672 909 2749 quid
942 2690 1217 2749 umquam
1260 2671 1528 2729 didicisse
1563 2672 1837 2730 videatur.
1880 2710 1891 2723 -
1923 2672 1993 2729 ln

301 2748 674 2827 Nausiphane
704 2750 1074 2809 Democriteo
1097 2758 1342 2822 tenetur,
1368 2770 1538 2829 quem
1564 2771 1697 2809 cum
1726 2771 1761 2809 a
1787 2771 1847 2809 se
1875 2770 1992 2809 non

303 2836 477 2905 neget
523 2830 804 2902 auditum,
835 2838 1004 2889 vexat
1050 2838 1246 2889 tamen
1296 2832 1565 2889 omnibus
1610 2831 1990 2890 contumeliis

304 2910 490 2987 Atqui
523 2910 571 2966 si
603 2910 742 2968 haee
774 2910 1145 2969 Democrit-ea
1176 2930 1293 2968 non
1336 2912 1603 2981 audisset,
1630 2911 1771 2987 quid
1804 2912 1994 2969 audie-

303 2996 392 3046 rat
411 2991 431 3047 2
465 2989 606 3067 quid
627 2992 779 3047 enim
806 2991 864 3047 in
889 2991 1145 3081 physicis
1168 2991 1403 3067 Epicuri
1424 3010 1543 3048 non
1564 3009 1598 3047 a
1619 2989 1994 3048 Democrito?

302 3068 454 3126 Nam
489 3070 597 3127 etsi
632 3070 911 3146 quaedam
945 3071 1341 3142 commutavit,
1362 3077 1430 3128 ut
1462 3070 1621 3147 quod
1653 3069 1827 3146 paulo
1859 3080 1992 3127 ante

302 3148 376 3206 de
402 3149 776 3207 inclinatione
804 3156 1132 3209 atomorum
1161 3150 1300 3221 dixi,
1324 3157 1517 3208 tamen
1546 3148 1817 3227 pleraque
1850 3150 1994 3207 dicit

301 3228 522 3302 eadem,
551 3236 794 3303 atomOS‚
819 3230 1006 3303 inane,
1029 3231 1329 3309 imagines,
1352 3229 1698 3289 infinitatem
1733 3230 1993 3290 locorum
