2199 3546
162 136 258 184 124
610 134 708 183 DE
741 134 1042 184 NATURA
1073 134 1395 185 DEORUM.

159 234 448 312 phoniusl
529 233 726 291 Nostri
757 234 990 311 quidem
1019 236 1328 313 publicani,
1354 254 1486 293 cum
1515 240 1703 293 essent
1724 236 1846 313 agri

160 316 222 373 in
249 314 498 373 Boeotia
530 314 768 371 deorum
799 316 1213 373 immortalium
1242 317 1468 394 excepti
1495 316 1621 392 lege
1654 335 1847 373 censo-

159 396 260 466 ria,
284 394 574 471 negabant
595 394 949 453 immortales
976 416 1098 453 esse
1126 396 1275 453 ullos
1297 398 1394 474 qui
1416 396 1724 473 aliquando
1748 396 1848 453 ho-

159 476 346 533 mines
382 474 645 533 fuissent.
731 474 846 533 Sed
879 475 928 532 si
961 483 1096 532 sunt
1130 475 1191 532 hi
1225 476 1302 547 di,
1334 483 1427 533 est
1455 484 1607 534 certe
1641 476 1849 533 Erech-

159 556 345 627 theuS,
376 555 539 613 cuius
569 553 822 612 Athenis
861 562 922 612 et
958 555 1262 613 delubrum
1295 556 1545 614 vidimus
1578 564 1653 613 et·
1670 574 1849 613 sacer-

160 635 374 693 dotem.
461 633 646 703 Quem
677 634 726 691 si
754 634 928 693 deum
960 636 1224 707 facimuS,
1250 635 1390 713 quid
1416 644 1519 693 aut
1545 636 1619 694 de
1651 636 1846 694 Codro

160 715 422 774 dubitare
449 731 756 793 possumus
787 721 890 773 aut
915 716 988 773 de
1015 716 1234 787 ceteriS,
1259 716 1360 793 qui
1384 723 1713 793 pugnantes
1739 734 1847 792 pro

158 796 377 875 patriae
414 794 678 854 libertate
715 795 1080 853 ceciderunt?
1124 795 1283 873 quod
1316 796 1364 853 si
1396 796 1695 873 probabile
1728 814 1847 853 non

159 882 263 949 est,
302 895 376 933 ne
422 875 523 933 illa
569 874 806 952 quidem
853 876 1161 953 superiora,
1201 875 1357 933 unde
1402 876 1542 935 haec
1590 888 1845 946 manant,

158 955 458 1033 probanda
489 962 638 1014 sunt.
726 961 818 1013 50.
863 956 1062 1033 Atque
1095 956 1157 1012 in
1190 956 1477 1034 plerisque
1518 955 1849 1015 civitatibus

158 1035 417 1113 intellegi
443 1041 644 1112 potest
683 1035 978 1113 augendae
1018 1036 1249 1093 virtutis
1288 1036 1490 1113 gratia,
1522 1030 1637 1114 quo
1672 1036 1849 1095 liben-

159 1116 275 1174 tius
325 1116 408 1173 rei
454 1114 718 1191 publicae
773 1134 944 1173 causa
988 1116 1311 1193 periculum
1358 1115 1543 1174 adiret
1590 1117 1848 1194 optimus

160 1196 418 1273 quisque,
441 1195 694 1253 virorum
721 1195 965 1253 fortium
992 1196 1330 1253 memoriam
1361 1195 1579 1254 honore
1606 1196 1847 1254 deorum

159 1275 574 1334 immortalium
601 1282 1004 1333 consecratam.
1073 1275 1169 1334 Ob
1190 1294 1315 1333 eam
1338 1277 1492 1334 enim
1515 1277 1698 1353 ipsam
1721 1294 1849 1333 cau·

161 1375 281 1413 sam
311 1354 664 1413 Erechtheus
690 1355 942 1413 Athenis
969 1355 1233 1433 filiaeque
1261 1356 1383 1414 eius
1411 1358 1467 1413 in
1493 1374 1731 1414 numero
1753 1356 1849 1413 de-

4 1442 7 1467 *
105 1480 108 1484 .
161 1455 324 1494 orum
355 1442 503 1493 sunt.
581 1434 844 1512 Itemque
866 1435 1215 1494 Leontidum
1236 1444 1325 1495 est
1346 1436 1646 1494 delubrum
1668 1435 1849 1494 Athe-

161 1516 267 1587 niS,
293 1517 452 1593 quod
479 1515 795 1573 Leocorion
830 1516 1177 1573 nominatur.
1260 1516 1693 1573 Alabandenses
1726 1515 1849 1593 qui·

152 1596 294 1653 'dem
329 1596 578 1653 sanctius
609 1594 979 1653 Alabandum
1013 1596 1228 1664 colunt,
1259 1614 1295 1653 a
1326 1615 1443 1673 quo
1471 1603 1559 1654 est
1586 1596 1722 1655 urbs
1749 1594 1849 1653 illa

162 1676 413 1747 condita,
450 1694 622 1753 quam
673 1694 1016 1752 quemquam
1070 1675 1355 1734 nobilium
1397 1676 1654 1747 deorum,
1690 1676 1848 1754 apud

163 1777 308 1835 quos
343 1775 464 1814 non
495 1753 772 1814 inurbane
805 1754 1181 1829 StratonicuS,
1217 1762 1285 1814 ut
1314 1756 1513 1829 multa,
1549 1772 1683 1815 cum
1726 1756 1849 1835 qui-

163 1838 298 1895 dam
326 1837 381 1894 ei
407 1835 684 1894 molestus
708 1835 1078 1895 Alabandum
1108 1836 1283 1895 deum
1310 1855 1433 1895 esse
1464 1836 1843 1908 confirmaret,

162 1917 472 1975 Herculem
514 1922 780 1994 negaret:
826 1916 861 1945 “
879 1915 1036 1994 Ergo
1053 1916 1089 1945 ''
1128 1917 1319 1996 inquit
1359 1918 1394 1947 “
1411 1918 1559 1976 mihi
1598 1917 1848 1976 Alaban·

163 1996 289 2070 duS,
319 1996 430 2055 tibi
461 1995 740 2054 Hercules
781 1995 858 2054 sit
895 1996 1107 2056 iratus!
1127 1996 1161 2025 ’⁹
1243 1997 1382 2056 XX.
1469 2003 1561 2056 51.
1608 1997 1715 2056 Illa
1753 2017 1848 2055 au-

55 2115 62 2124 ·
162 2084 303 2149 tem,
324 2076 524 2149 Balbe,
548 2095 693 2154 quae
725 2081 788 2134 tu
821 2095 856 2134 a
881 2077 1038 2134 caelo
1071 2077 1351 2155 astrisque
1384 2076 1648 2149 ducebas,
1674 2096 1846 2155 quam

162 2157 336 2235 longe
365 2163 596 2234 serpant
622 2175 741 2213 non
770 2156 963 2214 vides?
1037 2155 1231 2214 Solem
1259 2157 1433 2215 deum
1460 2176 1581 2215 esse
1603 2157 1849 2215 Lunam-

165 2257 292 2315 que,
319 2254 562 2314 quorum
589 2235 831 2293 alterum
857 2235 1193 2312 Apollinem
1216 2236 1435 2308 Graeci,
1454 2236 1687 2294 alteram
1710 2236 1848 2293 Dia-

4 2289 7 2306 .
34 2332 52 2346 ⁰
164 2336 299 2374 nam
327 2321 550 2392 putant.
635 2314 809 2383 Quod
836 2315 884 2371 si
912 2314 1074 2372 Luna
1101 2315 1211 2373 dea
1240 2322 1345 2386 est,
1370 2335 1508 2394 ergo
1534 2316 1707 2374 etiam
1739 2315 1849 2372 Lu-

167 2397 310 2455 cifer
350 2401 681 2472 ceteraeque
722 2401 971 2452 errantes
1012 2413 1315 2452 numerum
1348 2395 1588 2454 deorum
1626 2395 1847 2454 obtine-

165 2477 340 2534 bunt:
384 2475 564 2552 igitur
591 2474 763 2532 etiam
791 2474 1120 2533 inerrantes,
1196 2474 1317 2533 Cur
1340 2482 1535 2533 autem
1563 2475 1703 2534 Arci
1725 2495 1849 2554 spe-

167 2557 280 2614 cies
322 2575 439 2612 non
472 2553 532 2610 in
565 2552 806 2610 deornm
839 2573 1078 2613 numero
1118 2556 1465 2633 reponatur?
1545 2554 1651 2613 Est
1690 2557 1847 2614 enim

165 2635 434 2714 pulcher:
479 2633 508 2708 †
535 2639 596 2691 et
633 2633 708 2690 ob
741 2652 866 2690 eam
901 2653 1147 2707 causam,
1179 2635 1315 2712 quia
1344 2635 1595 2713 speciem
1638 2635 1849 2694 habeat

167 2713 579 2784 admirabilem,
602 2712 962 2771 Thaumante
995 2713 1209 2772 dicitur
1238 2734 1361 2772 esse
1391 2723 1560 2775 nata:
1604 2717 1767 2774 cuius
1798 2717 1849 2774 si

167 2794 363 2852 divina
391 2801 593 2851 natura
619 2800 722 2865 est,
748 2793 889 2871 quid
914 2794 1092 2852 facies
1120 2795 1407 2854 nubibus&
1478 2797 1665 2854 Arcus
1692 2797 1849 2854 enim

167 2876 290 2953 ipse
308 2894 376 2932 ex
394 2873 642 2932 nubibus
659 2872 904 2930 efficitur
921 2874 1171 2952 quodam
1187 2875 1365 2933 modo
1388 2876 1682 2934 coloratis:
1715 2895 1849 2955 qua-

167 2973 296 3012 rum
326 2973 439 3011 una
465 2953 639 3010 etiam
668 2952 986 3010 Centauros
1006 2955 1293 3032 peperisse
1314 2956 1536 3014 dicitur.
1606 2955 1777 3025 Quod
1799 2956 1847 3013 si

167 3033 350 3092 nubes
384 3033 666 3090 rettuleris
693 3033 754 3090 in
783 3032 938 3104 dem,
962 3034 1293 3092 referendae
1327 3041 1479 3094 certe
1512 3043 1690 3094 erunt·
1705 3043 1849 3094 tem-

167 3119 432 3188 pestateS,
483 3131 626 3190 quae
681 3113 883 3191 populi
930 3113 1182 3173 Romani
1232 3115 1437 3174 ritibus
1491 3122 1848 3174 consecratae

168 3200 318 3252 sunt.
394 3193 550 3269 Ergo
576 3192 805 3266 imbreS,
829 3193 1030 3267 nimbi,
1053 3194 1351 3273 procellae,
1374 3195 1632 3254 turbines
1658 3196 1719 3253 di
1748 3214 1848 3274 pu-
