2199 3546
845 150 1004 201 cAP.
1027 151 1213 216 1411„
1235 150 1265 209 ς
1290 152 1403 202 1-4.
1870 152 1969 201 253

275 255 484 326 oratiO,
525 272 642 331 quo,
682 253 911 311 facilius
957 253 1020 311 id
1067 272 1103 310 a
1152 272 1379 331 quoque
1423 252 1775 331 probaretur,
1813 254 1968 331 quod

279 337 488 413 cuique
520 334 769 391 maxime
796 332 1092 411 probabile
1128 333 1430 406 videretur,
1460 333 1521 391 id
1548 334 1608 390 in
1638 334 1745 391 hac
1768 333 1971 410 'dispue

279 416 501 473 tatione
532 414 565 441 ‘⁴
585 413 657 471 de
684 412 859 471 fato’'
889 414 1315 490 casusquidem
1348 434 1421 471 ne
1448 414 1695 471 facerem
1730 414 1971 491 impedi·

283 497 380 553 vit.
467 500 519 552 2.
565 493 718 551 Nam
763 513 895 551 cum
937 512 1118 551 essem
1159 494 1217 549 in
1266 492 1587 551 Puteolano
1630 494 1971 571 Hirtiusque

281 582 476 633 noster
517 574 714 631 consul
760 573 1093 651 designatus
1136 573 1340 631 iisdem
1385 574 1445 630 in
1488 573 1644 644 lociS,
1675 574 1763 631 vir
1804 574 1971 632 nobis

243 654 660 729 „amicissimus
703 660 762 711 et
794 653 866 711 iis
908 653 1129 724 studim,
1166 653 1227 710 in
1262 653 1471 730 quibus
1513 672 1619 710 nos
1660 673 1696 710 a
1727 656 1971 729 puerit-ia

282 735 546 805 viximuS,
580 733 828 805 deditus,
857 732 1107 789 multum
1154 752 1269 790 una
1306 752 1547 804 eramus,
1580 734 1827 810 maxime
1864 754 1971 793 nos

283 815 518 892 quidem
546 814 908 891 exquirentes
936 832 1004 870 ea
1029 812 1283 884 consilia,
1309 832 1453 891 quae
1482 813 1555 870 ad
1584 832 1783 889 pacem
1812 821 1871 871 et
1898 815 1971 872 ad

283 894 647 952 concordiam
693 894 904 950 civium
938 893 1305 969 pertinerent.
1390 892 1540 950 Cum
1576 894 1729 951 enim
1773 913 1971 951 omnes

282 981 416 1051 post
469 974 768 1031 interitum
823 972 1080 1050 Caesaris
1141 992 1418 1030 novarum
1474 973 1970 1051 perturbationum

283 1073 482 1112 causae
512 1054 704 1132 quaeri
730 1053 1058 1111 viderentur
1075 1053 1261 1130 iisque
1288 1072 1411 1111 esse
1440 1054 1848 1111 occurrendum
1872 1074 1973 1131 pu-

282 1141 460 1191 tarem
469 1154 548 1206 us,
595 1134 782 1191 omnis
829 1140 1026 1191 nostra
1069 1134 1193 1191 fere
1241 1132 1303 1190 in
1350 1134 1422 1191 iis
1467 1134 1973 1192 deliberationibus

283 1213 727 1273 consumebatur
754 1213 954 1285 oratic,
980 1213 1155 1291 idque
1184 1220 1242 1271 et
1270 1233 1437 1291 saepe
1466 1214 1603 1271 alias
1631 1221 1691 1271 et
1720 1214 1971 1292 quodam

284 1294 546 1353 liberiore
589 1313 761 1372 quam
803 1293 1024 1351 solebat
1055 1300 1116 1351 et
1146 1294 1333 1371 magis
1366 1313 1545 1351 vacuo
1586 1293 1659 1352 ab
1694 1294 1974 1353 interven-

283 1373 506 1432 toribus
537 1374 649 1444 die,
674 1392 806 1431 cum
834 1373 928 1430 ille
961 1373 1037 1430 ad
1065 1392 1157 1431 me
1185 1374 1449 1444 uenisset,
1474 1374 1661 1449 primo
1688 1374 1803 1445 illa,
1830 1394 1973 1452 quae

284 1461 447 1511 erant
474 1454 764 1512 cotidiana
791 1459 850 1510 et
872 1453 1035 1530 quasi
1055 1452 1315 1529 legitima
1342 1453 1525 1524 nobiS‚
1552 1453 1625 1511 de
1650 1472 1790 1531 pace
1820 1463 1877 1512 et
1899 1454 1973 1513 de

285 1534 424 1591 otio.

365 1613 441 1671 II.
514 1620 566 1671 3.
604 1612 828 1683 Quibus
857 1613 1031 1673 actis:
1067 1613 1222 1684 Quid
1245 1615 1419 1691 ergo?
1452 1615 1643 1693 inquit
1662 1614 1773 1687 ille,
1797 1634 1974 1693 quon·

286 1694 400 1751 iam
435 1694 710 1752 oratorias
743 1694 1178 1752 exercitationes
1218 1714 1337 1757 non
1371 1702 1435 1753 tu
1472 1696 1722 1773 quidem,
1746 1703 1813 1753 ut
1853 1715 1975 1772 spe-

285 1795 366 1841 r0,
410 1775 706 1853 reliquisti,
756 1776 857 1834 sed
901 1782 1052 1833 certe
1102 1775 1530 1853 philosophiam
1578 1776 1693 1834 illis
1742 1782 1975 1852 antepo-

285 1855 467 1926 suisti,
499 1874 809 1931 possumne
843 1855 1062 1932 aliquid
1095 1855 1330 1912 audire?
1410 1855 1499 1912 Tu
1534 1874 1685 1927 vero,
1715 1855 1971 1931 inquam,

285 1935 375 1992 vel
403 1934 598 1992 audire
625 1934 715 1991 vel
744 1935 948 1992 dicere.
1021 1933 1079 1990 N
1081 1953 1146 1990 ec
1175 1934 1474 1991 enim—id
1496 1935 1653 2011 quod
1680 1941 1834 1992 reete
1861 1936 1974 1994 exi·

285 2015 814 2079 stimas—oratoria
845 2013 944 2070 illa
976 2013 1167 2071 studia
1200 2012 1451 2086 deserui,
1472 2014 1679 2091 quibus
1712 2014 1885 2072 etiam
1914 2021 1974 2074 te

284 2094 530 2166 incendi,
563 2113 908 2172 quamquam
939 2092 1448 2170 flagrantissimum
1490 2113 1835 2171 acceperam,
1867 2114 1973 2153 nec

285 2195 366 2246 ea,
393 2194 537 2252 quae
571 2193 722 2232 nunc
756 2182 958 2246 tracte,
987 2174 1275 2245 minuunt,
1308 2173 1417 2252 sed·
1439 2181 1653 2251 augent
1684 2174 1880 2251 potius
1910 2175 1975 2232 il-

283 2254 398 2312 lam
425 2255 779 2313 facultatem.
850 2253 1002 2312 Nam
1031 2273 1161 2312 cum
1193 2253 1303 2310 hoc
1325 2272 1533 2332 genere
1553 2253 1971 2332 philosophiae,

285 2335 441 2412 quod
482 2355 590 2393 nos
631 2334 940 2413 sequimur,
975 2338 1249 2412 magnam
1290 2333 1466 2393 habet
1508 2343 1700 2393 orator
1742 2337 1973 2395 societa—

187 2422 192 2427 ’
283 2422 419 2474 tem.
504 2413 900 2475 subtilitatem
934 2416 1090 2474 enim
1124 2414 1197 2472 ab
1232 2415 1549 2474 Academia
1586 2424 1885 2475 mutuatur
1916 2424 1976 2474 et

284 2495 340 2552 ei
370 2494 619 2554 vicissim
660 2497 853 2554 reddit
884 2495 1207 2554 ubertatem
1240 2497 1529 2554 orationis
1549 2503 1608 2553 et
1640 2505 1975 2554 ornamenta

284 2574 528 2632 dicendi.
613 2575 800 2644 Quam
831 2575 905 2633 ob
934 2595 1071 2646 rem,
1095 2575 1351 2652 inquam,
1376 2575 1648 2653 quoniam
1678 2575 1975 2652 utriusque

284 2653 459 2711 studii
491 2661 686 2712 nostra
703 2655 996 2733 'possessio
1031 2661 1135 2726 est,
1157 2655 1333 2712 hodie
1368 2663 1499 2712 utro
1527 2655 1643 2712 frui
1678 2655 1843 2712 malis
1876 2674 1971 2732 op-

284 2733 370 2790 tio
411 2733 489 2790 sit
519 2739 634 2791 tua.
718 2735 868 2792 Tum
903 2735 1165 2792 Hirtius:
1216 2734 1637 2806 Gratissimum,
1676 2735 1879 2812 inquit,
1916 2744 1975 2792 et

284 2813 518 2884 tuorum
551 2814 810 2872 omnium
841 2814 1060 2872 simile:
1104 2813 1249 2871 nihil
1279 2815 1433 2872 enim
1462 2833 1738 2892 umquam
1772 2814 1976 2872 abnuit

283 2909 416 2948 meo
444 2892 637 2950 studio
666 2893 930 2952 voluntas
957 2902 1072 2952 tua.
1146 2899 1199 2951 4.
1245 2893 1361 2952 Sed
1390 2894 1663 2971 quoniam
1690 2893 1977 2952 rhetorica

283 2969 430 3028 mihi
452 2979 638 3030 vestra
665 2980 798 3031 sunt
825 2980 966 3032 nota
990 2980 1164 3051 teque
1190 2973 1253 3030 in
1274 2974 1346 3032 iis
1374 2983 1434 3032 et
1454 2974 1778 3032 audivimus
1807 2993 1975 3051 saepe

283 3056 344 3108 et
375 3050 674 3110 audiemus
707 3058 878 3130 atque
911 3052 1058 3110 hanc
1090 3052 1571 3111 Academicorum
1614 3061 1815 3111 contra
1846 3072 1975 3130 pro-

282 3130 538 3207 positum
567 3131 903 3209 disputandi
929 3133 1405 3191 consuetudinem
1427 3134 1685 3191 indicant
1704 3141 1763 3191 te
1792 3153 1974 3190 susce-

281 3211 500 3330 pisse2g
514 3211 866 3270 Tusculanae
901 3211 1377 3288 disputationeS,”
1400 3232 1614 3289 ponere
1641 3213 1866 3290 aliquid
1900 3213 1974 3273 ad
