2199 3546
237 135 336 185 234
759 132 858 183 DE
891 130 1397 184 DIVINATIONE.

239 246 366 297 tura
393 236 816 315 praenoscere.”
881 236 1118 313 Negant
1144 253 1313 313 posse
1341 234 1401 307 ii,
1426 233 1635 311 quibus
1662 252 1779 293 non
1808 235 1923 313 pla·
2000 290 2004 294 .

237 325 328 377 cet
369 337 490 375 esse
532 324 751 374 certum
781 316 922 393 quid
953 316 1217 376 futurum
1260 315 1351 373 sit.
1429 314 1685 373 Videsne
1728 315 1922 391 igitur,

239 417 383 476 quae
412 396 590 455 dubia
621 398 755 468 sint,
779 416 848 454 ea
879 396 1028 455 sumi
1058 415 1163 473 pro
1198 395 1367 453 certis
1400 401 1571 471 atque
1604 394 1924 453 concessis?

237 477 464 537 Deinde
493 483 876 553 contorquent
903 483 961 533 et
989 476 1072 533 ita
1098 474 1481 533 concludunt:
1528 474 1562 501 “
1582 473 1717 532 Non
1747 475 1927 552 igitur

237 566 296 615 et
325 565 458 615 sunt
486 557 546 615 di
576 575 680 613 nec
714 554 1040 632 significant
1067 554 1333 614 futura:”
1377 554 1442 613 id
1468 554 1623 612 enim
1658 554 1773 611 iam
1802 573 1925 632 per-

203 660 216 672 ·
237 638 456 696 fectum
491 636 854 695 arbitrantur.
937 635 1169 693 Deinde
1201 634 1544 693 adsumunt:
1591 634 1625 662 “
1648 633 1798 692 Sunt
1828 654 1925 693 au-

237 724 354 775 tem
399 716 516 786 di‚”
541 716 698 793 quod
731 716 918 793 ipsum
967 734 1084 773 non
1130 714 1203 773 ab
1247 714 1517 773 omnibus
1560 714 1922 773 conceditur:

240 798 274 825 “
296 795 621 874 significant
643 795 833 871 erg0.”
897 795 988 853 Ne
1013 795 1072 853 1d
1093 795 1327 872 quidem
1360 794 1645 872 sequitur:
1680 802 1925 871 possunt

239 878 390 934 enim
422 896 539 933 non
569 875 886 953 significare
913 883 973 935 et
1001 884 1197 933 tamen
1224 893 1345 933 esse
1373 874 1450 932 di.
1524 874 1559 901 ‘⁶
1578 873 1718 945 Nec,
1738 874 1786 930 si
1814 874 1925 951 sig-

237 956 492 1028 nificant,
511 976 625 1013 non
657 956 798 1013 dant
825 956 947 1013 vias
972 954 1191 1033 aliquas
1218 954 1293 1013 ad
1320 954 1617 1011 scientiam
1646 952 1925 1029 significa-

237 1036 470 1094 tioniS.”
553 1036 638 1093 At
669 1036 734 1093 id
766 1055 996 1115 quoque
1028 1041 1224 1112 potest
1253 1041 1321 1091 ut
1354 1052 1471 1091 non
1506 1033 1647 1091 dent
1677 1032 1923 1106 homini,

238 1116 350 1193 ipsi
377 1115 641 1174 habeant.
727 1114 846 1173 Cur
872 1116 1026 1173 enim
1055 1115 1258 1173 Tuscis·
1285 1114 1482 1191 potius
1514 1131 1689 1190 quam
1716 1112 1924 1171 Roma·

239 1196 328 1253 nis
355 1196 594 1253 darent?
667 1194 702 1224 ‘⁴
723 1194 860 1267 Nec,
886 1194 934 1253 si
962 1195 1103 1251 dant
1131 1194 1266 1265 vias,
1286 1193 1443 1251 nulla
1470 1199 1559 1252 est
1586 1192 1921 1252 divinati0.”

240 1275 350 1333 Fac
391 1275 526 1332 dare
567 1275 722 1345 deos,
754 1275 912 1351 quod
953 1274 1264 1333 absurdum
1306 1281 1425 1332 est:
1470 1272 1612 1351 quid
1651 1272 1844 1343 refert,
1875 1274 1923 1331 si

239 1355 492 1432 accipere
522 1374 637 1413 non
669 1374 973 1433 possumus
989 1356 1017 1413 ἓ.
1090 1354 1427 1412 Extremum
1462 1360 1587 1411 est:
1634 1352 1792 1411 “Est
1820 1353 1925 1430 igi-

238 1443 332 1493 tur
360 1435 696 1493 divinatio.”
765 1434 858 1493 Sit
885 1443 1238 1493 extremum:
1282 1434 1553 1491 effectum
1582 1439 1775 1491 tamen
1804 1452 1923 1491 non

237 1522 340 1573 est.
426 1515 512 1573 Ex
553 1515 714 1575 falsis
763 1515 935 1585 enim,
967 1522 1032 1573 ut
1071 1514 1147 1573 ab
1186 1514 1327 1591 ipsis
1368 1513 1694 1585 didicimuS,
1725 1532 1923 1571 verum

237 1594 386 1652 effici
414 1614 532 1652 non
559 1601 768 1671 potest.
854 1595 1008 1653 Iacet
1037 1595 1214 1671 igitur
1241 1601 1367 1651 tota
1394 1592 1701 1651 conclusio.

319 1674 444 1732 LII.
521 1673 651 1732 107.
677 1674 994 1733 Veniamus
1022 1694 1177 1734 nunc
1204 1673 1280 1732 ad
1307 1673 1594 1751 optimum
1617 1672 1821 1743 virum,
1841 1672 1925 1731 fa-

235 1754 518 1813 miliarem
545 1761 822 1826 nostrum,
843 1754 1203 1833 Cratippum.
1278 1753 1395 1812 “Si
1424 1754 1547 1812 sine
1576 1753 1755 1812 oculis
1774 1752 1810 1780 ’'
1839 1753 1921 1812 in·

237 1836 365 1912 quit
408 1835 577 1892 “'non
609 1842 804 1912 potest
835 1844 1054 1894 exstare
1097 1834 1346 1894 officium
1391 1841 1451 1892 et
1484 1853 1693 1892 munus
1734 1833 1923 1892 oculo-

235 1933 384 1987 rum,
407 1923 651 1993 possunt
683 1923 876 1974 autem
918 1915 1229 1992 aliquando
1270 1914 1420 1974 oculi
1463 1933 1580 1974 non
1619 1913 1784 1991 fungi
1818 1933 1922 1972 suo

235 2014 487 2066 munere,
509 1995 611 2073 qui
632 1995 720 2054 vel
749 1995 923 2054 semel
950 1997 1034 2054 ita
1060 2003 1149 2054 est
1176 2015 1312 2053 usus
1340 1994 1536 2066 oculis,
1557 2002 1624 2052 ut
1652 2013 1783 2052 vera
1809 2011 1924 2052 cer-

236 2083 411 2148 neret,
443 2076 493 2132 is
539 2075 711 2133 habet
755 2094 981 2133 sensum
1029 2075 1326 2132 oculorum
1371 2093 1503 2132 vera
1546 2074 1919 2132 cernentium.

235 2153 384 2212 Item
419 2155 613 2232 igitur,
639 2155 687 2212 si
721 2155 843 2213 sine
885 2155 1241 2212 divinatione
1282 2173 1399 2212 non
1434 2159 1628 2230 potest
1667 2153 1921 2211 officinm

235 2241 294 2291 et
314 2254 524 2292 munus
546 2234 916 2293 divinationis
937 2242 1173 2305 exstare,
1194 2242 1388 2312 potest
1408 2242 1618 2305 autem,
1638 2253 1768 2292 cum
1794 2234 1923 2310 quis

234 2313 650 2371 divinationem
685 2314 908 2385 habeat,
931 2334 1116 2372 errare
1149 2314 1460 2393 aliquando
1505 2333 1611 2372 nec
1644 2332 1777 2370 vera
1808 2331 1921 2370 cer-

233 2411 383 2466 nere,
409 2394 547 2452 satis
580 2401 666 2451 est
693 2394 772 2451 ad
805 2394 1257 2452 confirmandam
1290 2395 1704 2454 divinationem
1747 2392 1921 2450 semel

233 2473 453 2551 aliquid
479 2474 564 2531 ita
595 2493 715 2531 esse
749 2473 1088 2539 divinatum,
1108 2475 1251 2532 nihil
1282 2482 1349 2534 ut
1374 2475 1622 2532 fortuito
1650 2473 1921 2532 cecidisse

233 2553 510 2612 videatur.
606 2553 756 2611 Sunt
793 2561 988 2612 autem
1032 2555 1157 2612 eius
1196 2555 1422 2632 generis
1462 2552 1917 2612 innumerabilia.

233 2633 372 2691 Esse
399 2635 578 2710 igitur
604 2634 1017 2692 divinationem
1047 2634 1440 2693 confitendum
1470 2632 1611 2692 est.”
1696 2633 1921 2692 Festive

231 2720 292 2770 et
320 2713 580 2772 breviter.
646 2713 762 2772 Sed
789 2734 920 2772 cum
950 2715 1040 2772 bis
1067 2715 1315 2793 'sumpsit
1344 2715 1501 2792 quod
1523 2712 1723 2782 voluit,
1744 2712 1918 2770 etiam

231 2793 281 2850 si
325 2793 524 2851 faciles
573 2813 680 2850 nos
723 2795 797 2852 ad
839 2795 1271 2852 concedendum
1303 2794 1586 2866 habuerit,
1610 2793 1672 2851 id
1705 2800 1917 2862 tamen,

233 2873 390 2948 quod
411 2873 679 2943 adsumit,
695 2874 933 2932 concedi
954 2874 1113 2931 nullo
1136 2874 1311 2931 modo
1331 2881 1539 2952 potest.
1602 2878 1735 2930 108.
1758 2873 1793 2900 “
1806 2871 1869 2929 Si
1883 2871 1918 2900 ”

229 2951 422 3028 inquit
446 2952 801 3030 “aliquando
825 2954 973 3012 oculi
995 2960 1477 3030 peccent,tamen,
1495 2953 1629 3030 quia
1649 2959 1803 3010 recte
1822 2952 1919 3010 ali-

231 3032 464 3107 quando
481 3033 748 3103 viderint,
759 3034 911 3090 inest
929 3034 992 3090 in
1012 3033 1083 3090 iis
1106 3034 1191 3090 vis
1212 3032 1500 3091 videndi.'’
1572 3032 1720 3090 Item
1741 3049 1754 3090 ε
1802 3031 1836 3059 “
1854 3030 1919 3088 Si

230 3112 358 3185 quis
381 3111 553 3169 semel
576 3112 793 3189 aliquid
814 3113 874 3170 in
898 3113 1252 3170 divinatione
1269 3113 1494 3183 viderit,
1507 3113 1571 3182 ia,
1588 3112 1760 3170 etiam
1784 3131 1917 3170 cnm

230 3197 445 3261 peccet,
459 3197 650 3247 tamen
669 3191 1085 3250 existimandus
1102 3200 1189 3249 est
1204 3192 1412 3250 habere
1432 3193 1547 3250 vim
1562 3190 1916 3248 divinandi.”
