2199 3546
251 145 344 192 154
766 142 867 192 DE
900 141 1406 192 DIVINATIONE.

440 239 651 303 Templa
669 240 916 303 deumque
931 240 1058 290 adeo
1074 240 1291 288 flammis
1310 240 1576 302 urbemque·
1594 238 1839 288 iubebant

440 306 645 368 Eripere
661 315 713 354 et
731 315 944 366 stragem
968 306 1246 354 horribilem
1264 305 1565 368 caedemque
1588 306 1771 353 vereri:

438 370 608 432 Atque
631 371 754 419 haec
776 370 880 418 fixa
903 372 1039 430 gravi
1065 371 1169 418 fato
1190 386 1249 418 uc
1274 370 1480 418 fundata
1504 369 1675 428 teneri,

439 436 508 484 Ni
531 435 665 498 prius
687 436 938 484 excelsum
963 436 1029 483 ad
1051 435 1278 484 columen
1304 437 1517 483 formata
1540 436 1720 484 decore

438 501 623 549 Sancta
645 502 780 550 Iovis
803 503 990 564 species
1009 502 1169 549 claros
1191 513 1435 564 spectaret
1458 502 1507 548 in
1532 513 1701 549 ortus:

437 567 568 614 Tum
588 566 694 614 fore
711 575 765 614 ut
781 566 1001 615 occultos
1018 566 1227 629 populus
1244 576 1543 629 sanctusque
1556 577 1759 615 senatus

439 632 654 680 Cernere
676 642 883 680 conatus
907 641 1085 694 posset,
1108 632 1148 679 si
1172 631 1289 680 solis
1312 632 1378 680 ad
1400 642 1565 680 ortum

439 696 705 756 Conversa,
729 696 846 744 iude
868 707 1062 758 patrum
1087 696 1231 746 sedes
1248 697 1514 760 populique
1532 697 1735 749 videret.

246 755 341 808 21.
440 763 581 811 Haec
605 762 802 810 tardata
823 762 909 810 diu
932 764 1123 825 sla-vies
1147 761 1455 826 multumque
1479 773 1674 810 morata

439 827 656 876 Consule
679 837 727 877 te
751 827 954 876 tandem
976 829 1110 875 celsa
1132 837 1208 876 est
1229 829 1277 876 in
1304 827 1421 876 sede
1443 827 1634 877 locata:

437 894 610 956 Atque
635 908 734 942 una
755 893 845 941 fixi
869 908 928 942 ac
949 893 1135 953 signati
1159 894 1395 956 temporis
1418 893 1543 941 hora.

439 958 660 1021 Iuppiter
681 959 885 1008 excelsa
905 958 1126 1007 clarabat
1142 969 1335 1021 sceptra
1356 958 1601 1019 columna,

439 1023 506 1070 Et
528 1024 692 1073 clades
713 1025 906 1086 patriae
927 1024 1133 1072 flamma.
1156 1024 1384 1086 ferroque
1406 1033 1583 1086 parata

437 1089 660 1137 Vocibus
681 1089 1005 1149 Allobrogum
1023 1089 1244 1152 patribus
1262 1089 1539 1152 populoque
1556 1089 1773 1152 patebat.

243 1139 411 1198 XIII.
487 1154 604 1203 Rite
622 1154 773 1215 igitur
789 1164 994 1214 veteres,
1014 1170 1225 1218 quorum
1245 1162 1566 1203 monumenta
1584 1154 1781 1216 tenetis,

439 1218 538 1278 Qui
557 1220 761 1282 populos
781 1221 1026 1283 urbesque
1042 1219 1193 1268 modo
1212 1235 1271 1268 ac
1290 1220 1469 1268 virtute
1487 1220 1740 1281 regebant,

439 1285 554 1334 Rite
575 1285 727 1334 etiam
750 1285 915 1343 vestri,
939 1299 1151 1348 quorum
1176 1285 1430 1348 pietasque
1453 1285 1675 1348 fidesque

438 1350 694 1400 Praestitit
715 1360 766 1398 et
787 1351 935 1411 louge
959 1351 1076 1398 vicit
1097 1351 1343 1412 sapientia
1364 1361 1589 1412 cunctos,

439 1415 713 1478 Praecipue
735 1416 930 1464 coluere
952 1416 1134 1476 vigenti
1155 1417 1359 1465 numine
1380 1416 1535 1465 diros,

439 1481 578 1530 Haec
601 1481 728 1530 adeo
751 1481 945 1542 penitus
967 1496 1086 1529 cura
1109 1481 1274 1530 ridere
1297 1481 1467 1542 sagaci

437 1545 557 1593 Otia
577 1547 662 1608 qui
684 1547 860 1595 studiis
883 1546 997 1596 laeti
1021 1555 1224 1596 tenuere
1246 1546 1453 1608 decoris,

244 1602 337 1656 22.
441 1611 596 1671 Inque
617 1611 896 1660 Academia
919 1612 1189 1660 umbrifera
1212 1612 1467 1675 nitidoque
1491 1611 1645 1676 Lycio

435 1675 696 1724 Fuderunt
716 1676 875 1726 claras
898 1677 1101 1726 fecundi
1125 1677 1337 1739 pectoris
1359 1687 1508 1726 antes.

437 1741 483 1789 Ε
505 1741 684 1804 quibus
706 1750 928 1807 ereptum
952 1743 1113 1806 primo
1136 1743 1234 1791 iam
1259 1758 1291 1791 a
1312 1743 1435 1793 flore
1456 1744 1684 1793 iuventae

436 1806 513 1856 Te
537 1808 694 1870 patria
719 1808 770 1855 in
795 1808 961 1857 media
984 1809 1221 1857 virtutum
1247 1810 1378 1857 mole
1402 1810 1593 1858 locavit.

436 1872 516 1921 Tu
540 1883 706 1923 tamen
729 1874 980 1923 anxiferas
1003 1889 1148 1923 curas
1177 1875 1396 1937 requiete
1420 1875 1626 1934 relaxas,

437 1938 585 1999 Quod
609 1940 798 2003 patriae
825 1939 960 1989 vocis
983 1939 1161 1989 studiis
1186 1940 1425 2003 uobisque
1446 1939 1663 1989 sacrasti.

241 2064 331 2123 Tu
359 2065 537 2143 igitur
563 2066 821 2125 animum
849 2067 1068 2143 poteris
1095 2066 1365 2126 inducere
1393 2074 1593 2126 contra
1619 2087 1701 2139 ea,
1726 2087 1873 2145 quae
1900 2088 1936 2125 a

240 2164 335 2202 me
363 2145 731 2222 disputantur
757 2146 829 2204 de
857 2147 1229 2219 divinatione,
1254 2147 1459 2218 dicere,
1486 2148 1584 2225 qui
1612 2154 1672 2205 et
1691 2148 1935 2224 gesseris

241 2244 325 2297 ea,
349 2243 493 2301 quae
525 2226 772 2302 gessisti,
795 2232 854 2283 et
887 2246 969 2293 ea,
995 2246 1139 2304 quae
1174 2228 1559 2305 pronuntiavi,
1584 2228 1934 2285 accuratissi-

240 2322 335 2361 me
384 2304 708 2381 scripseris?
791 2310 884 2363 23.
930 2305 1123 2375 Quid?
1172 2308 1414 2385 quaeris,
1458 2306 1795 2379 CarneadeS,
1832 2326 1933 2365 cur

241 2383 382 2441 haec
415 2383 498 2441 ita
529 2383 670 2441 fiant
697 2391 798 2442 aut
827 2404 942 2462 qua
973 2394 1094 2443 arte
1122 2388 1370 2465 perspici
1398 2388 1657 2465 possint?
1737 2387 1795 2445 N
1798 2388 1933 2445 esci-

241 2484 302 2521 re
347 2482 440 2521 me
484 2463 687 2536 fateor,
719 2465 944 2523 evenire
985 2474 1178 2524 autem
1214 2474 1273 2525 te
1311 2468 1499 2545 ipsum
1544 2468 1675 2526 dico
1717 2466 1925 2525 videre.

242 2544 412 2615 Casu,
443 2544 648 2621 inquis,
734 2543 897 2603 Itane
938 2547 1111 2604 vero?
1192 2545 1512 2625 Quicquam
1555 2553 1749 2626 potest
1798 2566 1930 2604 casu

243 2644 366 2682 esse
402 2624 640 2695 factum,
672 2625 829 2701 quod
863 2645 1062 2684 omnes
1095 2626 1271 2684 habet
1304 2626 1362 2683 in
1400 2646 1457 2683 se
1492 2645 1759 2699 numeros
1792 2626 1929 2682 veri—

239 2704 412 2762 tatis?
493 2702 780 2773 Quattuor
819 2705 922 2763 tali
955 2706 1090 2763 iacti
1132 2726 1265 2765 casu
1301 2706 1613 2765 Venerium
1659 2704 1924 2763 efficiunt.

244 2785 403 2843 Num
445 2784 619 2842 etiam
661 2791 891 2844 centum
927 2785 1227 2856 Venerios,
1260 2786 1309 2843 si
1344 2805 1497 2843 cccc
1532 2785 1681 2843 talos
1712 2786 1924 2854 ieceriS‚

243 2884 378 2921 casu
405 2865 634 2920 futuros
661 2865 866 2938 putas?
938 2863 1191 2939 Aspersa
1217 2872 1431 2921 temere
1453 2866 1751 2942 pigmenta
1771 2865 1827 2920 in
1850 2872 1929 2921 ta-

242 2941 379 2999 bula
411 2942 526 2999 oris
556 2941 898 2998 lineamenta
929 2941 1198 3017 effingere
1225 2952 1482 3018 possunt.
1569 2943 1726 3000 Num
1756 2944 1925 3000 etiam

243 3020 488 3077 Veneris
521 3020 674 3077 Coae
707 3018 1194 3095 pulchritudinem
1229 3021 1421 3097 effingi
1457 3034 1625 3098 po'sse
1659 3023 1928 3097 aspersio-

243 3117 316 3155 ne
355 3098 602 3154 fortuita
640 3097 845 3172 put-as?
926 3095 1036 3152 Sus
1073 3105 1259 3154 rostro
1294 3100 1341 3154 si
1376 3100 1539 3157 humi
1580 3102 1637 3156 A
1679 3100 1925 3157 litteram

242 3176 612 3251 impresserit,
635 3193 772 3230 num
810 3180 1114 3249 propterca
1144 3176 1417 3251 suspicari
1453 3178 1670 3253 poteris
1702 3178 1925 3235 Andro-
