2199 3546
190 153 256 202 64
641 150 742 200 DE
773 149 1076 206 NATURA
1108 150 1427 203 DEORUM.

191 251 292 330 qui
313 251 507 315 κύκλος
527 249 742 308 Graece
761 251 990 321 dicitur,
1009 249 1103 308 his
1121 250 1345 309 duabus
1363 251 1570 309 formis
1590 251 1881 329 contingit

191 332 328 390 solis
360 339 427 389 ut
455 350 656 388 omnes
687 350 878 388 earum
911 337 1101 408 partes
1134 331 1253 388 sint
1278 331 1430 389 inter
1462 351 1521 388 se
1554 331 1883 390 simillimae

191 432 226 470 a
257 411 565 488 medioque
593 417 820 468 tantum
856 411 1006 468 absit
1035 417 1351 468 extremum
1386 405 1693 488 [quantum
1722 413 1881 469 idem

191 511 226 549 a
257 489 528 568 summo]‚
555 510 670 567 quo
703 490 847 548 nihil
881 490 1004 548 fieri
1031 498 1227 567 potest
1258 491 1465 567 aptius.
1548 495 1642 550 48.
1680 491 1799 550 Sed
1832 492 1885 548 si

191 572 331 629 haec
358 591 476 628 non
500 570 723 642 videtis,
745 571 880 648 quia
907 590 1223 648 numquam
1252 571 1543 628 eruditum
1566 571 1727 628 illum
1757 570 1885 648 pul-

191 671 380 709 verem
423 651 714 727 attigistis,
745 670 819 708 ne
861 650 970 708 hoc
1014 651 1249 728 quidem
1291 651 1521 728 physici
1551 651 1883 728 intellegere

191 732 479 810 potuistiS‚
499 731 646 788 hanc
675 730 1138 808 aequabilitatem
1168 740 1361 788 motus
1382 732 1883 808 constantiamque

191 811 462 869 ordinum
490 811 550 868 in
579 810 690 868 alia
709 810 893 887 figura
925 830 1041 868 non
1071 812 1328 888 potuisse
1356 811 1601 868 servari?
1676 811 1883 888 Itaque

193 891 336 949 nihil
365 898 557 968 potest
586 909 706 948 esse
739 891 1030 948 indoctius
1063 910 1235 968 quam
1273 891 1431 968 quod
1458 910 1493 948 a
1518 891 1683 948 vobis
1715 890 1885 948 adfir-

191 971 336 1028 mari
357 970 518 1029 solet.
588 971 645 1027 N
647 990 710 1028 ec
733 971 885 1028 enim
909 971 1062 1029 hunc
1081 973 1270 1048 ipsum
1292 971 1573 1028 mundum
1592 990 1699 1048 pro
1720 980 1882 1028 certo

191 1050 506 1109 rotundum
535 1069 656 1107 esse
677 1049 898 1108 dicitis:
934 1070 1066 1107 nam
1089 1070 1259 1127 posse
1280 1051 1402 1108 fieri
1424 1059 1491 1108 ut
1512 1052 1588 1108 sit
1608 1051 1719 1109 alia
1738 1051 1885 1128 figu-

191 1149 268 1201 ra,
289 1129 846 1207 innumerabilesque
880 1131 1130 1187 mundos
1164 1131 1307 1188 alios
1338 1131 1574 1188 aliarum
1610 1151 1731 1188 esse
1764 1132 1885 1188 for-

191 1227 430 1266 marum.
517 1215 610 1266 49.
648 1209 823 1281 Quae,
845 1211 893 1268 si
915 1210 1004 1267 bis
1029 1210 1170 1268 bina
1198 1218 1341 1287 quot
1368 1219 1558 1268 essent
1584 1211 1887 1269 didicisset

191 1289 490 1367 Epicurus,
511 1297 661 1347 certe
683 1309 800 1346 non
823 1289 1054 1348 diceret.
1128 1290 1241 1348 Sed
1265 1291 1401 1348 dum
1425 1290 1619 1368 palato
1643 1291 1781 1368 quid
1802 1292 1888 1350 sit

193 1369 481 1447 optimum
503 1369 736 1438 iudicat,
762 1370 797 1396 ‘⁴
817 1370 956 1428 caeli
977 1370 1290 1448 palatum,'’
1314 1378 1381 1428 ut
1400 1372 1483 1428 ait
1503 1371 1739 1442 EnniuS‚
1760 1391 1885 1428 non

193 1449 462 1527 suspexit.
541 1449 709 1508 XIX.
741 1449 892 1507 Nam
921 1470 1051 1507 cum
1082 1451 1199 1508 duo
1228 1451 1346 1508 sint
1373 1470 1583 1528 genera
1608 1451 1879 1523 siderum,

194 1549 438 1607 quorum
467 1529 709 1588 alterum
741 1531 940 1606 spatiis
962 1530 1419 1588 immutabilibus
1448 1531 1519 1588 ab
1542 1538 1671 1588 ortu
1694 1531 1768 1588 ad
1790 1550 1887 1588 oc-

193 1629 386 1666 casum
421 1628 748 1667 commeans
779 1610 999 1667 nullum
1044 1630 1319 1688 umquam
1362 1631 1561 1668 cursus
1592 1611 1680 1668 sui
1714 1611 1883 1668 vesti-

191 1690 354 1766 gium
376 1689 647 1760 inflectat,
668 1689 907 1746 alterum
933 1697 1121 1748 autem
1154 1691 1455 1749 continuas
1483 1691 1883 1749 conversiones

193 1770 336 1827 duas
363 1769 567 1828 iisdem
601 1770 802 1848 spatiis
831 1770 1199 1849 cursibusque
1230 1771 1510 1843 conficiat,
1536 1792 1605 1829 ex
1638 1779 1883 1849 utraque

191 1869 252 1907 re
295 1857 354 1907 et
385 1850 590 1908 mundi
621 1850 964 1921 volubilitas,
995 1848 1141 1928 quae
1182 1852 1293 1909 nisi
1326 1852 1384 1909 in
1420 1852 1661 1929 globosa
1691 1853 1885 1909 forma

193 1948 314 1987 esse
342 1950 460 1987 non
488 1938 699 2007 posset,
724 1939 783 1989 et
809 1931 1101 1989 stellarum
1128 1932 1362 1989 rotundi
1392 1932 1643 1990 ambitus
1670 1952 1885 2009 cogno-

193 2017 444 2067 scuntur.
530 2010 872 2088 Primusque
907 2011 1008 2081 sol,
1035 2012 1135 2089 qui
1169 2019 1451 2069 astrorum
1485 2020 1645 2069 tenet
1668 2013 1885 2089 princi-

192 2097 414 2165 patum,
431 2091 515 2147 ita
545 2099 818 2162 movetur,
841 2098 922 2161 ut,
944 2111 1073 2150 cum
1097 2099 1275 2149 terras
1296 2092 1451 2169 larga
1479 2092 1604 2150 luce
1634 2092 1885 2170 comple·

193 2170 354 2238 verit,
387 2170 614 2227 easdem
650 2171 825 2229 modo
859 2171 966 2242 his,
998 2172 1175 2229 modo
1209 2172 1320 2229 illis
1354 2193 1423 2229 ex
1456 2172 1715 2249 partibus
1748 2193 1884 2249 opa-

193 2254 300 2305 cet.
385 2248 522 2325 Ipsa
563 2250 718 2307 enim
764 2250 966 2307 umbra
998 2260 1180 2309 terrae
1214 2252 1321 2310 soli
1355 2252 1609 2311 officiens
1648 2261 1881 2311 noctem

193 2327 382 2385 efficit.
485 2328 542 2385 N
545 2337 914 2386 octurnorum
957 2338 1148 2387 autem
1192 2333 1509 2409 spatiorum
1552 2333 1751 2390 eadem
1794 2341 1885 2391 est

193 2406 564 2484 aequabilitas
607 2427 749 2483 quae
791 2408 1146 2481 diurnorum,
1176 2412 1545 2490 eiusdemque
1587 2413 1723 2470 solis
1755 2421 1882 2471 tum

193 2506 448 2544 accessus
492 2488 723 2558 modici,
754 2495 880 2546 tum
925 2509 1179 2549 recessus
1223 2500 1281 2549 et
1314 2493 1547 2569 frigoris
1581 2501 1641 2551 et
1680 2494 1884 2551 caloris

193 2566 433 2623 modum
474 2574 835 2644 temperant:
879 2569 1151 2628 circuitus
1194 2572 1347 2628 enim
1391 2573 1527 2629 solis
1570 2572 1794 2630 orbium
1839 2593 1881 2630 v

195 2654 252 2703 et
281 2666 358 2703 Lx
388 2654 446 2704 et
476 2666 606 2718 ccc,
627 2655 828 2724 quarta
855 2649 1121 2708 fere‘diei
1148 2658 1311 2727 parte
1340 2652 1538 2709 addita
1564 2653 1885 2710 conversio-

195 2744 323 2783 nem
355 2727 668 2785 conficiunt
695 2748 962 2800 annuam,
988 2729 1285 2788 inflectens
1318 2740 1509 2789 autem
1540 2732 1623 2789 sol
1652 2752 1883 2790 cursum

193 2812 318 2861 tum
349 2806 423 2862 ad
451 2814 668 2882 septem
699 2809 931 2878 trioneS,
958 2817 1082 2866 tum
1118 2810 1191 2866 ad
1218 2812 1517 2868 meridiem
1552 2819 1794 2869 aestates
1822 2820 1883 2870 et

194 2882 412 2939 hiemes
453 2885 642 2954 efficit,
673 2892 732 2941 et
765 2906 832 2941 ea
873 2888 990 2943 duo
1031 2895 1311 2964 tempora,
1350 2909 1593 2963 quorum
1636 2892 1881 2948 alterum

195 2960 371 3017 hiemi
401 2964 714 3020 senescenti
737 2964 1074 3021 adiunctum
1104 2974 1206 3035 est,
1228 2967 1467 3023 alterum
1498 2972 1713 3027 aestati.
1788 2970 1883 3029 Ita

193 3059 262 3095 ex
298 3047 570 3116 quattuor
602 3048 927 3116 temporum
971 3044 1389 3100 mutationibus
1431 3048 1706 3118 omnium,
1733 3069 1881 3125 quae

191 3124 343 3174 terra
373 3119 632 3195 marique
664 3119 998 3193 gignuntur,
1023 3121 1191 3176 initia
1224 3141 1536 3199 causaeque
1570 3128 1875 3186 ducuntur.

195 3202 287 3253 50.
327 3195 449 3253 Iam
493 3198 629 3253 solis
663 3216 883 3269 annuos
925 3218 1121 3254 cursus
1163 3201 1361 3271 spatiis
1404 3206 1709 3261 menstruis
1744 3208 1879 3265 luna
