2199 3546
148 130 248 185 248
669 130 770 183 DE
800 131 1304 185 DIVINATIONE.

148 252 268 293 rere
297 234 577 311 quaedam
603 240 868 292 matrona
885 234 1123 311 cupiens
1144 234 1414 292 dubitans
1436 245 1655 294 essetne
1678 256 1827 314 prae·

147 332 331 389 gnans
364 315 482 371 visa
509 321 596 372 est
622 315 904 392 inquiete
925 314 1287 391 obsignatam
1316 315 1523 373 habere
1552 326 1829 376 naturam.

147 393 407 452 Rettulit.
494 394 743 471 Negavit
784 413 926 466 eam,
959 395 1232 471 quoniam
1276 395 1578 472 obsignata
1608 396 1829 469 fuisset,

149 474 447 550 concipere
475 474 746 551 potuisse.
823 473 909 531 At
930 474 1070 531 alter
1090 482 1499 552 praegnantem
1524 495 1643 533 esse
1667 478 1829 537 dixit.

147 552 301 610 Nam
329 553 498 611 inane
531 552 820 631 obsignari
849 552 991 610 nihil
1023 554 1218 613 solere.
1304 554 1461 622 Quae
1491 563 1577 614 est
1606 557 1716 613 ista
1744 578 1831 614 ars

147 633 488 691 coniectoris
520 632 802 691 eludentis
833 634 1109 710 ingenio?
1188 634 1285 690 An
1320 652 1401 705 ea,
1428 654 1571 711 quae
1606 636 1741 706 dixi,
1774 646 1831 695 et

147 711 598 783 innumerabilia,
620 732 764 790 quae
793 712 1030 771 collecta
1056 710 1273 771 habent
1300 712 1499 786 Stoici,
1526 716 1831 792 quicquam

148 791 474 867 significant
499 792 611 849 nisi
639 812 879 850 acumen
900 792 1201 850 hominum
1234 812 1302 850 ex
1332 794 1708 854 similitudine
1736 798 1834 853 ali-

149 890 262 947 qua
297 872 682 930 coniecturam
717 872 893 930 modo
927 872 1055 945 huc,
1077 873 1257 931 modo
1290 873 1424 931 illuc
1459 874 1833 934 ducentium?

147 950 359 1009 Medici
393 951 558 1028 signa
591 952 869 1029 quaedam
896 952 1114 1011 habent
1145 973 1214 1011 ex
1249 954 1408 1011 venis
1440 961 1499 1011 ct
1526 973 1594 1012 ex
1626 956 1831 1033 spiritu

145 1031 383 1106 aegroti,
406 1030 716 1108 multisque
749 1051 817 1089 ex
847 1031 973 1090 aliis
1000 1033 1199 1090 futura
1224 1034 1632 1112 praesentiunt.
1717 1035 1834 1093 Gu-

145 1109 474 1168 bernatores
494 1129 624 1167 cum
649 1112 997 1169 exsultantes
1017 1112 1284 1189 loligines
1304 1113 1571 1171 viderunt
1598 1122 1698 1172 aut
1719 1115 1834 1172 del-

144 1189 356 1267 phinos
389 1209 448 1248 se
476 1190 535 1247 in
565 1197 799 1267 portum
833 1190 1200 1263 conicienteS,
1223 1200 1625 1269 tempestatem
1661 1195 1833 1271 signi·
1932 1262 1937 1267 .

145 1269 300 1327 ficari
329 1276 552 1347 putant.
637 1270 798 1329 Haec
831 1271 1052 1329 ratione
1081 1271 1351 1349 explicari
1380 1280 1438 1330 et
1467 1273 1537 1330 ad
1571 1282 1829 1331 naturam

143 1349 313 1407 facile
341 1350 590 1408 revocari
611 1360 870 1428 possunt,
891 1370 958 1409 ea
984 1370 1137 1423 vero,
1164 1371 1306 1429 quae
1328 1352 1501 1429 paulo
1528 1360 1662 1411 ante
1690 1353 1839 1426 dixi„

145 1429 304 1487 nullo
330 1429 523 1488 mod0.
1482 1450 1487 1455 ·

225 1509 441 1568 LXXI.
531 1515 660 1568 146.
705 1509 790 1568 At
817 1511 971 1568 enim
995 1510 1317 1569 observatio
1340 1510 1831 1569 diuturna—haec

145 1590 300 1647 enim
349 1608 480 1667 pars
527 1608 642 1647 una
686 1591 1213 1648 restat—notandis
1255 1590 1424 1648 rebus
1456 1592 1598 1649 fecit
1630 1599 1826 1650 artem.

144 1669 261 1726 Ain
300 1670 572 1728 tandem?
613 1670 838 1727 somnia
877 1668 1161 1727 observari
1204 1672 1483 1748 possunt?
1565 1671 1830 1746 Quonam

144 1749 356 1808 modo?
437 1749 586 1808 Sunt
613 1750 768 1809 enim
796 1749 1240 1808 innumerabiles
1267 1750 1581 1810 varietates.
1667 1750 1829 1809 Nihil

143 1835 265 1888 tam
298 1837 676 1908 praepostere,
701 1837 822 1888 tam
854 1829 1167 1902 incondite,
1192 1837 1311 1888 tam
1344 1838 1707 1889 monstruose
1740 1851 1832 1888 eo-

143 1910 316 1986 gitari
363 1916 558 1988 potest
605 1910 762 1988 quod
809 1930 928 1967 non
976 1910 1262 1987 possimus
1316 1911 1614 1969 somniare.
1699 1911 1831 1980 Quo

142 1989 321 2047 modo
363 1990 542 2067 igitur
580 1990 722 2048 haec
763 1989 988 2047 infinita
1029 1996 1087 2047 et
1130 2009 1353 2067 semper
1392 2009 1544 2049 nova
1584 1997 1683 2048 aut
1714 2009 1829 2048 me-

143 2070 327 2127 moria
365 2069 672 2148 complecti
713 2077 813 2127 aut
855 2069 1213 2127 observando
1256 2077 1453 2127 notare
1486 2072 1831 2148 possumus?

151 2149 443 2226 Astrologi
497 2157 690 2207 motus
749 2150 1057 2207 errantium
1116 2149 1405 2206 stellarum
1466 2157 1825 2208 notaverunt.

144 2228 419 2287 Inventus
453 2237 540 2286 est
559 2230 712 2286 enim
743 2229 885 2286 ordo
913 2229 973 2286 in
1002 2229 1075 2286 iis
1104 2229 1296 2300 stellis»,
1322 2230 1421 2306 qui
1450 2249 1568 2287 non
1595 2230 1831 2308 putaba-

142 2315 253 2366 tur.
336 2307 496 2366 Cedo
529 2309 764 2366 tandem
798 2309 897 2385 qui
931 2309 1008 2365 sit
1042 2309 1185 2365 ordo
1218 2316 1317 2366 aut
1352 2328 1495 2386 quae
1537 2327 1829 2367 concursa-

143 2388 228 2445 tio
251 2388 643 2445 somniorum?
715 2386 845 2456 Quo
868 2388 1046 2445 modo
1067 2395 1258 2445 autem
1284 2388 1563 2466 distingui
1585 2397 1831 2467 possunt

144 2487 275 2525 vera
295 2467 518 2524 somnia
535 2486 572 2524 a
591 2467 766 2538 falsiS,
791 2485 923 2524 cum
952 2467 1153 2525 eadem
1176 2475 1235 2525 et
1255 2467 1380 2525 aliis
1402 2468 1567 2526 aliter
1586 2469 1830 2526 evadant

144 2553 204 2605 et
229 2547 435 2605 iisdem
462 2566 578 2604 non
607 2565 832 2624 semper
863 2547 1067 2604 eodem
1095 2547 1310 2605 modo?
1354 2556 1417 2606 ut
1445 2548 1591 2605 mihi
1620 2548 1827 2605 mirum

144 2627 418 2700 videatur,
443 2646 575 2685 cum
607 2627 871 2685 mendaci
900 2627 1125 2685 homini
1151 2647 1225 2684 ne
1258 2647 1455 2686 verum
1484 2627 1717 2706 quidem
1748 2627 1831 2684 di-

144 2707 297 2764 centi
337 2705 566 2765 credere
607 2707 904 2778 soleamuS,
937 2726 1052 2784 quo
1093 2707 1271 2765 modo
1306 2707 1419 2778 isti,
1452 2707 1501 2765 si
1540 2708 1827 2765 somnium

145 2805 339 2844 verum
369 2787 547 2844 evasit
575 2786 824 2864 aliquod,
844 2805 962 2843 non
991 2805 1060 2842 ex
1089 2786 1289 2844 multis
1309 2787 1505 2864 potius
1532 2787 1630 2844 uni
1655 2785 1828 2844 fidem

145 2864 422 2943 derogent
450 2885 623 2943 quam
649 2884 721 2923 ex
750 2885 864 2922 uno
893 2866 1333 2924 innumerabilia
1359 2865 1713 2924 confirment.

228 2946 359 3003 147.
405 2945 468 3003 Si
495 2945 674 3022 igitur
701 2963 886 3022 neque
914 2945 1054 3003 deus
1088 2954 1176 3004 est
1204 2947 1441 3004 effector
1474 2946 1829 3004 somniorum

143 3041 327 3100 neque
369 3031 604 3082 naturae
645 3025 886 3083 societas
917 3024 1036 3082 ulla
1067 3043 1199 3082 cum
1234 3026 1473 3084 somniis
1506 3045 1691 3103 neque
1735 3025 1829 3082 ob-

145 3104 462 3164 servatione
501 3105 745 3162 inveniri
785 3105 980 3182 potuit
1022 3105 1276 3176 scientia,
1313 3106 1583 3163 effectum
1632 3113 1721 3164 est
1762 3111 1828 3162 ut

143 3181 286 3237 nihil
309 3201 540 3256 prorsus
566 3184 806 3242 somniis
827 3184 1195 3242 tribuendum
1228 3185 1317 3256 sit,
1338 3185 1672 3262 praesertim
1694 3201 1827 3242 cum

385 3295 408 3324 θ
