2199 3546
1565 0 1618 9 v

461 154 602 207 Lm.
631 155 696 217 1.,
724 152 1448 218 cAr.me.-n1x,‚§
1478 156 1723 208 105-111.
1844 156 1946 207 1851

441 254 614 305 Laeva
634 253 820 303 volavit
837 254 972 302 avis:
1011 253 1161 302 simul
1184 268 1362 303 aureus
1384 255 1609 303 exoritur
1630 254 1720 305 sol.

443 320 642 369 Cedunt
664 320 727 369 de
751 319 888 367 caelo
910 328 988 367 ter
1010 329 1209 381 quattor
1231 334 1437 381 corpora
1460 329 1631 368 sancta

441 386 644 443 Avium,
667 385 978 449 praepetibus
1002 400 1109 433 sese
1131 384 1445 447 pulchrisque
1468 385 1587 433 locis
1611 386 1745 435 dant.

444 450 702 513 Conspicit
725 450 839 498 inde
862 449 954 498 sibi
979 449 1097 499 data
1122 450 1366 499 Romulus
1388 465 1493 498 esse
1516 451 1695 513 priora,

442 517 681 580 Auspicio
703 516 845 577 regni
868 516 1089 565 stabilita
1110 530 1317 564 scamna
1340 516 1618 578 solumque.

327 651 546 711 XLIX.
635 657 767 710 109.
806 651 922 710 Sed
962 651 1119 709 unde
1160 650 1276 709 huc
1313 651 1568 727 digressa
1610 660 1713 723 est,
1745 653 1947 712 eodem

249 732 444 792 redeat
485 732 685 790 orati0.
772 731 836 790 Si
878 730 1022 789 nihil
1061 750 1267 808 queam
1316 731 1607 807 disputare
1658 751 1828 809 quam
1845 732 1949 791 ‘ob

249 832 369 872 rem
401 811 655 890 quidque
683 810 785 870 fiat
813 818 872 869 et
900 817 1131 870 tantum
1161 811 1339 868 modo
1370 811 1492 868 fieri
1522 830 1603 880 ea,
1626 831 1770 889 quae
1799 832 1954 870 com-

249 893 580 964 memoravi,
605 892 863 961 doceam,
890 909 1171 969 parumne
1203 891 1455 968 Epic-uro
1486 891 1837 951 Carneadive
1870 912 1953 950 re—

250 972 605 1051 spondeam?
688 970 882 1040 Quid?
925 972 974 1028 si
1003 971 1179 1029 etiam
1216 972 1365 1035 ratio
1400 978 1587 1028 exstat
1614 971 1952 1031 artificiosae

250 1052 667 1130 praesensionis
696 1051 902 1123 facim,
929 1051 1159 1110 divinae
1190 1058 1381 1109 autem
1414 1052 1587 1128 paulo
1622 1052 1952 1111 obscurior?

251 1132 409 1201 Quae
461 1132 616 1189 enim
667 1132 830 1202 extis,
872 1150 1016 1209 quae
1066 1131 1412 1208 fulguribuS,
1456 1151 1600 1209 quae
1648 1134 1949 1209 portentis,

251 1232 396 1291 quae
425 1213 592 1269 astris
622 1212 1110 1289 praesentiuntur,
1136 1211 1273 1269 haec
1302 1220 1505 1269 notata
1534 1221 1669 1270 sunt
1696 1213 1955 1272 observa—

250 1292 411 1350 tione
445 1291 733 1349 diuturna.
820 1291 1038 1350 Adfert
1075 1301 1267 1349 autem
1304 1300 1557 1350 vetustas
1591 1294 1859 1352 omnibus
1890 1295 1952 1351 in

249 1372 420 1430 rebus
441 1371 760 1449 longinqua
784 1371 1185 1429 observatione
1208 1371 1599 1430 incredibilem
1627 1374 1951 1431 scientiam:

253 1472 396 1529 quae
421 1459 758 1529 potestesse
791 1453 965 1510 etiam
999 1452 1123 1509 sine
1150 1460 1316 1509 motu
1347 1460 1519 1529 atque
1547 1453 1799 1529 impulsu
1822 1453 1955 1513 deo-

250 1552 397 1603 rum,
422 1550 552 1589 cum
591 1531 734 1609 quid
771 1551 839 1589 ex
876 1551 1111 1609 quoque
1148 1532 1373 1589 eveniat
1406 1540 1465 1589 et
1494 1533 1635 1609 quid
1669 1552 1953 1611 quamque

251 1631 373 1670 rem
403 1610 690 1689 significet
713 1611 910 1669 crebra
941 1612 1437 1672 animadversione
1458 1620 1818 1690 perspectum
1849 1622 1949 1672 est.

255 1698 386 1749 110.
412 1691 614 1749 Altera
637 1692 919 1750 divinatio
948 1699 1034 1749 est
1055 1692 1347 1762 naturalis,
1370 1700 1434 1749 ut
1456 1700 1588 1750 ante
1611 1693 1765 1751 dixi:
1810 1713 1953 1771 quae

251 1771 494 1850 physica
522 1772 860 1850 disputandi
895 1772 1219 1831 subtilitate
1252 1773 1549 1830 referenda
1576 1782 1663 1830 est
1691 1775 1762 1831 ad
1792 1783 1953 1832 natu-

251 1872 373 1910 ram
407 1853 665 1924 deorum,
691 1872 726 1909 a
763 1872 890 1930 qua,
919 1860 984 1910 ut
1021 1853 1372 1910 doctissimis
1407 1854 1953 1932 sapientissimisque

250 1933 482 2010 placuit,
510 1931 748 1990 haustos
791 1933 1016 1990 animos
1055 1939 1115 1988 et
1149 1931 1357 1989 libatos
1390 1931 1685 2003 habemus,
1710 1953 1954 2011 cumque

253 2014 448 2070 omnia
475 2011 763 2090 completa
789 2020 846 2070 et
869 2012 1081 2070 referta
1106 2013 1222 2069 sint
1244 2019 1475 2069 aeterno
1498 2031 1663 2069 sensu
1688 2021 1739 2069 et
1761 2020 1955 2071 mente

251 2091 461 2162 divina,
487 2111 715 2151 necesse
762 2099 848 2150 est
885 2093 1233 2169 cognatione
1270 2091 1592 2148 divinorum
1631 2093 1951 2150 animorum

252 2173 474 2230 animos
508 2172 793 2230 humanos
832 2172 1202 2230 commoveri.
1292 2171 1408 2228 Sed
1441 2172 1744 2248 vigilantes
1778 2174 1955 2230 animi

251 2253 403 2310 vitae
445 2251 880 2310 necessitatibus
931 2252 1187 2310 serviunt
1224 2251 1677 2330 disiunguntque
1710 2273 1768 2311 se
1802 2273 1835 2311 a
1868 2273 1957 2311 so·

253 2332 458 2390 cietate
487 2332 682 2390 divina
705 2331 906 2389 vinclis
939 2332 1199 2409 corporis
1222 2332 1505 2409 impediti.
1583 2339 1712 2390 111.
1736 2333 1953 2391 Rarum

253 2418 340 2468 est
368 2411 657 2488 quoddam
690 2431 874 2489 genus
908 2431 1125 2483 eorum,
1155 2413 1253 2489 qui
1285 2432 1344 2469 se
1380 2431 1414 2470 a
1447 2431 1683 2490 corpore
1712 2421 1955 2471 avocent

252 2499 314 2548 et
345 2491 418 2549 ad
452 2492 775 2550 divinarum
815 2511 999 2549 rerum
1044 2493 1437 2569 cognitionem
1480 2513 1616 2550 cura
1648 2495 1806 2550 omni
1840 2501 1956 2552 stu-

253 2570 466 2650 dioque
507 2572 819 2649 rapiant-ur.
906 2571 1135 2630 Horum
1180 2581 1313 2630 sunt
1350 2573 1590 2649 auguria
1620 2592 1734 2630 non
1772 2573 1955 2630 divini

253 2651 522 2728 impetuS,
547 2652 649 2710 sed
676 2651 916 2710 rationis
946 2652 1262 2710 humanae:
1312 2671 1447 2709 nam
1484 2660 1542 2709 et
1570 2661 1772 2709 natura
1798 2653 1952 2710 futu·

253 2749 316 2788 ra
347 2733 758 2808 praesentiunt,
783 2739 851 2790 ut
879 2751 1153 2810 aquarum
1188 2733 1482 2790 eluviones
1512 2739 1571 2790 et
1599 2732 1955 2810 deflagratio-

251 2829 386 2868 nem
420 2812 676 2870 futuram
712 2812 1021 2890 aliquando
1064 2812 1207 2871 caeli
1242 2821 1414 2890 atque
1453 2819 1747 2870 terrarum.
1830 2812 1955 2870 Alii

252 2897 446 2949 autem
481 2893 543 2950 in
576 2912 636 2950 re
671 2892 902 2970 publica
931 2894 1243 2960 exercitati,
1270 2903 1335 2952 ut
1370 2894 1441 2951 de
1479 2892 1825 2950 Atheniensi
1854 2891 1954 2950 So-

252 2969 384 3029 lone
407 2973 749 3048 accepimus,
765 2974 1042 3032 orientem
1067 2975 1433 3050 tyrannidem
1458 2973 1647 3030 multo
1671 2979 1804 3029 ante
1825 2991 1955 3050 pro-

254 3051 542 3128 spiciunt:
602 3072 748 3129 quos
791 3052 1105 3129 prudentes
1148 3073 1454 3130 possumus
1503 3054 1706 3124 dicere,
1738 3053 1802 3110 id
1847 3059 1950 3123 est,

253 3132 642 3208 providenteS‚
669 3133 896 3189 divinos
924 3133 1082 3191 nullo
1120 3134 1294 3191 modo
1325 3152 1646 3211 possumuS,
1674 3152 1791 3190 non
1823 3133 1953 3211 plus

253 3229 427 3289 quam
473 3211 763 3271 Milesium
813 3212 1071 3276 Thalem.
1111 3216 1227 3290 qui,
1264 3222 1329 3272 ut
1372 3214 1765 3289 obiurgatores
1819 3219 1953 3271 suns

1608 3399 1652 3427 a·
