2199 3546
578 168 720 221 ΗΒ.
748 167 814 230 1.,
839 158 997 219 OAP.
1025 164 1441 232 xx1.-xx1v.,
1466 170 1495 231 ς
1519 174 1698 223 43—49.
1894 176 1989 225 163

301 274 428 329 tota
454 266 663 327 domus
691 269 968 346 sanguine
993 269 1356 328 redundaret.
1427 270 1596 339 Quod
1618 272 1819 330 matris
1842 292 1989 331 som-

301 350 465 408 nium
512 349 782 406 immanis
829 348 936 406 fili-i
983 349 1288 407 crudelitas
1326 351 1746 443 comprobavit.
1833 353 1990 422 Quid

301 449 428 507 eg0,
464 448 610 507 quae
649 430 808 507 magi
849 428 1005 506 Cyro
1037 428 1123 486 illi
1156 430 1405 507 principi
1439 431 1798 509 interpretati
1832 442 1985 506 sunt,

302 530 371 568 ex
399 509 650 570 Dinonis
678 509 923 567 Persicis
944 509 1269 585 proferam.
1254 510 1275 553 ²
1348 509 1496 567 Nam
1522 530 1652 572 cum
1675 513 1988 572 dormienti

301 590 356 648 ei
384 589 470 647 sol
499 589 573 647 ad
593 589 770 667 pedes
796 589 952 648 visus
979 597 1146 661 esset,
1170 596 1261 647 ter
1286 609 1418 647 eum
1442 591 1638 649 scribit
1658 592 1874 651 frustra
1894 612 1991 671 ap-

301 670 572 748 petivisse
603 669 886 741 manibus,
911 687 1046 727 cum
1079 688 1141 727 se
1174 670 1520 727 convolvens
1552 670 1638 728 sol
1672 672 1990 731 elaberetur

301 756 362 807 et
381 749 598 808 abiret.
634 750 688 807 ei
708 768 912 826 magos
933 749 1163 821 dixisse,
1184 750 1340 827 quod
1360 769 1542 827 genus
1562 752 1907 829 sapientium
1932 760 1989 811 ct

303 830 606 889 doctorum
632 829 994 889 habebatur'
977 848 1040 890 ιιι
1061 829 1269 902 Persis,
1294 850 1364 888 ex
1391 830 1603 909 triplici
1630 832 1989 909 appetitione

302 910 439 967 solis
481 930 622 969 xxx.
655 915 837 968 annos
879 909 1101 987 Cyrum
1137 916 1508 987 regnaturum
1546 930 1669 969 esse
1701 913 1985 990 portendi.

303 989 476 1059 Quod
506 991 592 1049 ita
630 990 927 1068 contigit.
979 989 1134 1047 Nam
1168 990 1244 1047 ad
1276 992 1761 1068 septuagesimum
1795 1012 1991 1069 perve-

301 1071 406 1141 nit,
433 1089 564 1128 cum
594 1090 686 1129 x1..
712 1077 882 1129 natus
909 1088 1091 1127 annos
1112 1087 1351 1162 regnare
1378 1070 1673 1148 coepisset.
1750 1074 1845 1131 47.
1884 1072 1991 1131 Est

227 1216 232 1219 ,
300 1150 566 1229 profecto
609 1150 885 1228 quiddam
927 1150 1105 1208 etiam
1146 1150 1207 1207 in
1244 1149 1500 1208 barbaris
1532 1151 1800 1229 gentibus
1832 1169 1991 1230 prae-

301 1231 555 1289 sentiens
587 1239 760 1309 atque
793 1229 1074 1301 divinans,
1107 1230 1156 1288 si
1186 1230 1418 1309 quidem
1447 1231 1521 1289 ad
1548 1239 1795 1290 mortem
1822 1232 1993 1309 profi-

301 1311 522 1369 ciseens
553 1310 802 1369 Calanus
830 1310 1027 1381 Indus,
1051 1329 1185 1369 cum
1212 1311 1607 1370 inscenderet
1590 1331 1653 1369 ιιι
1680 1332 1885 1389 rogum
1908 1333 1993 1371 ar·

301 1389 569 1449 dentem.
608 1391 642 1419 ‘⁶
627 1390 716 1449 ‘O
745 1390 1098 1467 praeclarum
1126 1390 1491 1448 discessum’'
1521 1391 1775 1469 inquit“
1794 1412 1825 1450 e
1852 1393 1987 1465 vita,

301 1490 452 1543 cum,
477 1466 544 1529 ut
571 1470 809 1528 Herculi
837 1470 1101 1547 contigit,
1124 1470 1355 1527 mortali
1383 1490 1621 1549 corpore
1648 1480 1900 1531 cremato
1930 1474 1990 1529 in
2088 1534 2094 1538 ,

241 1590 252 1596 -
301 1548 488 1609 lucem
517 1551 744 1609 animus
765 1550 1129 1609 excesseritl’
1116 1549 1149 1577 ’'
1226 1549 1491 1628 Cumque
1512 1550 1839 1610 Alexander
1858 1572 1990 1610 eum

300 1637 546 1708 rogaret,
577 1631 627 1687 si
656 1630 798 1709 quid
830 1630 1016 1702 vellet,
1041 1636 1108 1688 ut
1134 1630 1388 1689 diceret.
1427 1631 1771 1709 “Optime’'
1801 1632 1993 1709 inquit

303 1711 697 1790 “propediem
731 1717 792 1769 te
823 1709 1090 1768 videbost’
1175 1709 1347 1780 Quod
1375 1711 1459 1768 ita
1490 1712 1753 1790 contigit.
1838 1710 1990 1769 Nam

301 1789 616 1869 Babylone
630 1791 830 1878 paucis
856 1797 991 1869 post
1017 1791 1222 1849 diebus
1248 1791 1576 1850 Alexander
1603 1799 1691 1850 est
1711 1789 1989 1852 mortuus.

302 1871 557 1929 Discedo
591 1889 900 1949 parumper
931 1890 966 1928 a
997 1871 1256 1943 somniis,
1281 1871 1353 1929 ad
1384 1890 1531 1949 quae
1562 1891 1700 1929 mox
1726 1880 1990 1932 revertar.

305 1951 436 2020 Qua
461 1958 630 2008 nocte
657 1951 938 2029 templum
967 1951 1253 2029 Ephesiae
1279 1950 1501 2009 Dianae
1530 1949 1815 2028 deflagrat
1818 1953 1880 2024 1t
1904 1970 1995 2010 ea-

305 2031 440 2089 dem
475 2037 700 2089 constat
733 2049 802 2089 ex
834 2029 1182 2124 Olympiade
1214 2038 1417 2090 natum
1450 2051 1571 2089 esse
1598 2031 1993 2090 Alexandrum

307 2118 497 2200 atque,
520 2110 623 2168 ubi
647 2111 834 2171 lucere
867 2111 1168 2189 coepisset,
1193 2111 1514 2170 clamitasse
1540 2128 1743 2190 magos
1769 2107 1989 2190 pestem

307 2193 374 2248 ac
402 2190 712 2268 perniciem
738 2190 913 2249 Asiae
939 2192 1204 2269 proxima
1232 2198 1401 2250 noete
1432 2198 1644 2250 natam.
1729 2191 1891 2251 Haec
1916 2192 1993 2274 de

307 2270 470 2328 ludis
497 2277 556 2329 et
583 2270 782 2349 magia.
851 2271 1080 2331 XXIV.
1159 2276 1254 2330 48.
1297 2271 1622 2332 Redeamus
1648 2273 1724 2330 ad
1750 2269 1989 2332 somnia.

306 2349 694 2410 Hannibalem
728 2350 956 2412 Caelius
989 2351 1203 2424 scribit,
1228 2371 1359 2409 eum
1388 2351 1715 2410 columnam
1744 2371 1989 2424 auream,

308 2451 454 2509 quae
499 2438 648 2490 esset
689 2431 753 2488 in
793 2432 933 2490 fano
966 2431 1207 2491 Iunonis
1240 2431 1521 2504 Laciniae,
1552 2433 1775 2490 auferre
1822 2432 1993 2490 vellet

308 2511 710 2588 dubitaretque
737 2518 934 2569 utrum
962 2531 1030 2570 ea
1056 2512 1239 2570 solida
1266 2519 1415 2571 esset
1440 2531 1512 2569 an
1542 2513 1889 2570 extrinsecus
1910 2513 1995 2568 in-

308 2598 522 2663 aurata,
562 2591 1050 2668 perterebravisse,
1095 2611 1343 2670 cumque
1392 2591 1633 2650 solidam
1682 2591 1993 2650 invenisset

307 2671 718 2748 statuissetque
768 2671 984 2742 tollere,
1025 2671 1078 2729 ei
1134 2671 1449 2730 secundum
1506 2671 1779 2764 quietem·
1811 2671 1990 2728 visam

310 2770 432 2809 esse
465 2750 746 2808 Iunonem
781 2715 1105 2828 praedicere
1138 2770 1212 2809 ne
1238 2751 1303 2809 id
1326 2752 1545 2809 faceret
1576 2750 1913 2828 minarique,
1944 2752 1992 2808 si

260 2830 269 2841 '
308 2830 372 2888 id
397 2827 648 2901 fecisset,
664 2849 724 2887 se
751 2835 1072 2888 curaturam
1099 2837 1169 2889 ut
1188 2849 1319 2889 eum
1350 2849 1578 2908 quoque
1607 2830 1855 2902 oculum,
1876 2849 1991 2906 quo

308 2909 458 2968 bene
489 2909 724 2982 videret,
749 2911 1056 2982 amitteret,
1086 2911 1263 2988 idque
1296 2910 1368 2968 ab
1402 2909 1636 2968 homine
1670 2916 1840 2966 acuto
1873 2929 1989 2966 non

311 3009 434 3048 esse
459 2989 802 3066 neglectum.
885 2989 1089 3067 Itaque
1118 3009 1188 3048 ex
1216 3009 1284 3048 eo
1312 3009 1469 3061 auro,
1494 2988 1652 3066 quod
1678 2989 1988 3046 exterebra-

309 3075 437 3128 tum
465 3075 630 3141 esset,
652 3068 921 3127 buculam
943 3087 1167 3127 curasse
1186 3069 1509 3130 faciendam
1533 3075 1593 3126 et
1613 3085 1739 3126 eam
1760 3069 1819 3126 in
1843 3087 1991 3126 sum-

312 3167 408 3206 ma
447 3149 717 3207 columna
755 3145 1135 3208 collocavisse.
1220 3153 1313 3207 49.
1360 3149 1493 3207 Hoc
1525 3149 1666 3207 item
1699 3149 1759 3208 in
1793 3145 1987 3223 Sileni,

311 3247 485 3306 quem
513 3229 741 3289 Caelius
768 3228 1040 3306 sequitur,
1059 3228 1277 3287 Graeca
1302 3227 1541 3288 historia
1560 3236 1680 3288 est:
1722 3230 1773 3287 is
1799 3237 1925 3289 aute
