2199 3546
223 168 322 219 202
744 168 846 219 DE
873 164 1381 219 DIVINATIONE.

223 266 830 349 lun-aekpraedieuntur
860 270 924 327 in
955 268 1173 327 multos
1204 267 1387 326 annos
1420 266 1493 325 ab
1526 267 1613 340 iis,
1639 267 1740 345 qui
1768 267 1923 326 side-

222 369 350 409 rum
397 346 623 426 [cursus
660 348 744 429 et]
785 356 982 407 motus
1021 349 1276 407 numeris
1307 354 1741 426 persequuntur.
1827 348 1914 405 Ea

221 432 560 509 praedicunt
591 430 762 502 enim,
794 448 938 507 quae
971 437 1207 487 naturae
1248 428 1554 485 necessitas
1587 428 1915 505 perfectura

221 518 324 569 est.
409 510 631 568 Vident
663 530 734 568 ex
767 509 1233 567 constantissimo
1268 518 1431 565 motu
1464 508 1648 579 lunae,
1681 509 1909 586 quando

221 590 322 649 illa
353 608 385 649 e
416 590 650 668 regione
684 590 820 647 solis
848 589 1004 647 facta
1035 592 1288 646 incurrat
1315 589 1375 645 in
1410 588 1673 645 umbram
1708 596 1907 661 terrae,

222 688 368 748 quae
413 677 500 729 est
542 676 700 727 meta
737 670 942 741 noctiS,
973 675 1040 726 ut
1073 688 1199 725 eam
1235 668 1524 726 obscurari
1556 686 1785 727 necesse
1818 669 1909 741 sit,

223 750 567 828 quandoque
600 750 800 807 eadem
831 749 970 807 luna
1009 748 1267 806 subiecta
1296 755 1469 825 atque
1504 748 1912 825 opposita·soli

138 868 140 870 »
221 830 434 889 nostris
487 830 668 887 oculis
721 829 844 887 eius
890 829 1084 886 lumen
1136 829 1417 899 obscuret,
1464 847 1579 905 quo
1628 829 1690 885 in
1746 832 1911 905 signo

223 928 481 989 quaeque
509 909 821 968 errantium
849 909 1139 967 stellarum
1172 926 1400 986 quoque
1428 914 1689 985 tempore
1717 908 1917 965 futura

223 990 314 1062 sit,
341 991 440 1067 qui
469 997 703 1047 exortus
729 1008 957 1067 quoque
985 989 1078 1047 die
1114 989 1265 1065 signi
1292 988 1533 1046 alicuius
1566 1004 1666 1045 aut
1694 988 1793 1065 qui
1824 1006 1906 1046 oc-

224 1088 387 1128 casus
412 1070 643 1128 futurus
671 1070 762 1127 sit.
833 1069 994 1127 Haec
1023 1069 1125 1146 qui
1153 1076 1286 1126 ante
1313 1068 1516 1126 dicunt
1544 1086 1715 1147 quam
1744 1069 1907 1125 ratio·

223 1168 357 1208 nem
387 1156 697 1227 sequantur
723 1149 898 1207 vides,
983 1148 1121 1208 VII.
1192 1154 1281 1207 18.
1328 1147 1442 1217 Qui
1470 1148 1803 1207 thesaurum
1830 1149 1907 1205 in·

224 1237 461 1287 ventum
503 1230 575 1287 iri
619 1236 721 1287 aut
764 1229 1142 1287 hereditatem
1182 1236 1479 1287 venturam
1526 1228 1731 1287 dicunt
1774 1228 1910 1307 quid

225 1311 578 1387 sequuntur?
618 1317 718 1387 aut
748 1311 810 1367 in
854 1329 967 1387 qua
1005 1328 1196 1367 rerum
1237 1317 1443 1367 natura
1482 1310 1633 1367 inest
1666 1309 1728 1366 id
1758 1310 1909 1366 futu-

209 1390 391 1447 rum?
459 1389 630 1459 Quod
659 1391 708 1447 si
734 1390 873 1449 haec
901 1407 1096 1467 eaque,
1124 1409 1269 1468 quae
1298 1396 1433 1447 sunt
1462 1390 1718 1447 eiusdem
1747 1406 1909 1466 gene-

223 1470 318 1541 ris,
343 1469 558 1527 habent
583 1471 834 1548 aliquam
863 1471 1036 1528 talem
1065 1471 1481 1541 necessitatem,
1508 1470 1649 1547 quid
1679 1477 1767 1527 est
1793 1477 1909 1527 tan-

225 1550 360 1607 dem
411 1552 566 1628 quod
616 1569 749 1609 casu
796 1550 921 1608 fieri
973 1558 1074 1609 aut
1116 1551 1269 1609 forte
1322 1551 1561 1608 fortuna
1607 1550 1917 1628 putemus}

225 1629 389 1688 Nihil
417 1630 572 1687 enim
602 1639 688 1689 est
709 1638 829 1688 tam
860 1632 1209 1688 contrarium
1237 1630 1450 1688 rationi
1478 1636 1537 1688 et
1558 1630 1915 1689 constantiae

169 1715 172 1718 ’
227 1729 400 1788 quam
443 1712 692 1782 fortuna,
729 1716 795 1768 ut
827 1710 972 1767 mihi
1013 1730 1086 1768 ne
1130 1711 1191 1767 in
1234 1711 1408 1767 deum
1444 1710 1679 1789 quidem
1714 1710 1918 1768 cadere

225 1792 488 1849 videatur
527 1799 593 1849 ut
625 1791 764 1849 sciat
800 1792 939 1869 quid
967 1811 1102 1849 casu
1144 1798 1203 1848 ct
1233 1791 1480 1850 fortuito
1514 1792 1775 1849 futurum
1820 1791 1909 1849 sit.

227 1870 292 1928 Si
332 1872 487 1929 enim
529 1872 654 1943 scit,
685 1871 1012 1948 certe-illud
1046 1871 1303 1929 eveniet:
1348 1873 1436 1928 sin
1478 1878 1630 1929 certe
1671 1871 1910 1942 eveniet,

225 1951 382 2008 nulla
413 1953 652 2009 fortuna
691 1958 810 2009 est:
853 1959 941 2009 cst
973 1959 1167 2009 autem
1202 1952 1469 2009 fortuna:
1513 1969 1703 2009 rerum
1736 1953 1914 2028 igitur

226 2031 594 2089 fortuitarum
632 2031 789 2089 nulla
815 2033 1139 2108 praesensio
1172 2038 1274 2090 est.
1362 2037 1453 2089 19.
1500 2031 1625 2088 Aut
1656 2032 1704 2089 si
1736 2049 1913 2107 negas

224 2129 348 2169 >esse
380 2111 674 2168 fortunam
717 2118 776 2168 et
817 2113 1026 2183 omnia,
1059 2131 1205 2189 quae
1237 2111 1385 2168 fiunt
1430 2129 1687 2188 quaeque
1716 2112 1915 2168 futura

227 2197 378 2261 sunt,
404 2211 472 2248 ex
503 2192 661 2248 omni
690 2191 1023 2248 aeternitate
1051 2191 1290 2249 definita
1315 2190 1462 2248 dicis
1495 2210 1617 2249 esse
1644 2191 1911 2262 fataliter,

225 2276 389 2327 muta
431 2270 824 2327 definitionem
859 2271 1248 2341 divinationis,
1281 2289 1451 2348 quam
1495 2270 1725 2328 dicebas
1757 2289 1911 2348 prae-

227 2350 550 2407 sensionem
595 2368 715 2406 esse
756 2369 944 2407 rerum
989 2350 1376 2408 fortuitarum.
1462 2350 1525 2406 Si
1570 2352 1723 2408 enim
1768 2349 1911 2406 nihil

225 2428 350 2487 fieri
378 2436 586 2506 potest,
611 2428 754 2486 nihil
785 2429 1054 2502 accidere,
1077 2429 1223 2487 nihil
1252 2430 1492 2502 evenire,
1516 2431 1627 2488 nisi
1656 2430 1813 2508 quod
1842 2429 1912 2486 ab

229 2510 388 2566 omni
437 2509 772 2568 aeternitate
821 2517 1038 2568 certum
1082 2509 1261 2568 fuerit
1308 2529 1429 2568 esse
1476 2511 1739 2568 futurum
1788 2517 1913 2566 rato

227 2595 504 2666 tempore,
537 2608 681 2666 quae
715 2596 909 2666 potest
941 2609 1060 2647 esse
1092 2591 1365 2648 fortuna?
1406 2610 1519 2668 qua
1560 2591 1783 2648 sublata
1816 2589 1913 2667 qui

230 2669 388 2726 locus
428 2676 518 2726 est
548 2669 928 2728 divinationi?
971 2689 1115 2747 quae
1156 2689 1191 2728 a
1222 2677 1281 2728 te
1313 2670 1683 2728 fortuitarum
1724 2687 1913 2728 rerum

229 2756 317 2806 est
369 2749 527 2806 dicta
573 2750 912 2825 praesensio,
998 2749 1359 2828 Quamquam
1416 2750 1645 2809 dicebas
1700 2749 1913 2819 omnia,

231 2847 376 2906 quae
415 2827 620 2886 fierent
650 2829 914 2888 futurave
957 2836 1161 2902 essent,
1192 2831 1318 2887 fato
1360 2831 1656 2888 contineri.
1742 2829 1915 2886 Anile

231 2926 364 2966 sane
413 2916 472 2966 et
519 2909 750 2986 plenum
804 2910 1225 2986 superstitionis
1271 2910 1384 2968 fati
1431 2929 1641 2968 nomen
1687 2910 1915 2986 ipsum:

229 2988 330 3045 sed
351 2995 543 3046 tamen
574 2989 728 3066 apud
758 2989 984 3046 Stoicos
1012 2989 1083 3046 de
1112 2990 1225 3046 isto
1252 2990 1377 3047 fato
1406 2991 1588 3048 multa
1614 2991 1916 3048 dicuntur:

231 3066 303 3124 de
338 3087 452 3145 quo
487 3069 641 3140 aliaS,
673 3087 827 3126 nunc
863 3068 1020 3146 quod
1049 3088 1275 3126 necesse
1310 3077 1411 3127 est.
1496 3069 1664 3128 VIII.
1713 3076 1805 3126 20.
1854 3069 1917 3126 Si

231 3148 428 3204 omnia
479 3148 621 3219 fato,
675 3148 816 3226 quid
863 3148 1008 3206 mihi
1062 3149 1341 3206 divinatio
1391 3150 1662 3226 prodest?
1744 3148 1915 3217 Quod

232 3226 386 3283 enim
420 3227 485 3299 ia,
519 3229 618 3304 qui
651 3228 889 3300 divinat,
920 3228 1217 3305 praedicit,
1248 3229 1309 3286 id
1342 3248 1477 3287 vero
1511 3231 1774 3288 futurum
1810 3235 1919 3302 est,
