2199 3546
662 525 751 589 M.
794 464 1088 589 ⁷1·an
1149 524 1616 588 CICERONIS

538 670 714 751 DE
788 668 1745 751 DIVINATIONE

762 840 1028 889 LIBER
1067 838 1509 921 SECUNDUS.

832 1035 1443 1128 ARGUMENTUM.

361 1176 476 1226 Hoc
503 1174 660 1225 altero
689 1174 753 1224 de
781 1175 1086 1237 divinatione
1114 1176 1241 1225 libro
1267 1176 1443 1226 Cicero
1466 1184 1725 1243 postquam
1755 1176 1817 1226 de
1845 1176 1981 1226 libris

295 1242 398 1291 suis
425 1250 543 1291 ante
569 1242 658 1290 hos
685 1241 749 1289 de
775 1241 1078 1290 divinatione
1104 1241 1255 1291 libros
1282 1242 1476 1305 scriptis
1502 1250 1554 1291 et
1580 1243 1644 1291 de
1676 1243 1852 1291 studiis
1880 1243 1982 1291 suis

295 1308 499 1355 omnino
521 1308 766 1369 exposuit,
787 1322 896 1369 cap.
921 1311 964 1368 1,
986 1310 1034 1368 2,
1054 1306 1083 1365 §
1112 1310 1219 1368 1-7,
1242 1316 1416 1356 contra
1437 1307 1683 1357 rationem
1708 1308 1928 1357 Stoicam
1951 1322 1982 1357 a

296 1372 358 1433 Q.
375 1372 526 1421 fratre
543 1372 666 1421 libro
689 1373 939 1434 superiore
959 1373 1279 1434 explanatam
1296 1381 1347 1421 et
1364 1372 1617 1421 defensam
1634 1373 1885 1435 disputare
1906 1373 1983 1420 in-

295 1439 471 1486 stituit.
539 1438 746 1485 Initium
769 1438 890 1485 facit
911 1453 944 1487 a
965 1437 1237 1486 Carneadis
1258 1445 1549 1497 argumento
1569 1438 1757 1485 nullam
1779 1452 1886 1487 esse
1908 1437 1982 1485 di-

295 1502 598 1551 vinationem
638 1503 897 1563 censentis,
926 1502 1060 1565 quod
1096 1500 1233 1550 nulla
1270 1502 1334 1549 sit
1374 1502 1691 1551 divinationis
1725 1510 1982 1565 tamquam

296 1569 544 1617 materieS.
615 1567 823 1615 Nullam
849 1568 984 1616 enim
1011 1582 1121 1616 esse
1146 1567 1499 1616 divinationem
1529 1582 1689 1629 neque
1713 1581 1885 1616 earum
1909 1582 1983 1616 re-

297 1648 424 1693 rum,
445 1646 574 1696 quae
595 1627 819 1681 sensibus
835 1632 1185 1695 percipiantur,
1203 1646 1363 1695 neque
1381 1648 1567 1693 earum,
1588 1646 1716 1695 quae
1737 1642 1844 1681 arte
1863 1640 1984 1681 trac-

295 1707 476 1757 tentur,
499 1711 660 1760 neque
691 1713 877 1758 earum,
901 1712 1031 1761 quae
1055 1698 1107 1745 in
1144 1712 1197 1745 re
1222 1697 1419 1760 publica
1442 1708 1711 1759 versentur,
1731 1712 1839 1760 cap.
1858 1700 1909 1759 3,
1928 1699 1976 1757 4,

297 1762 326 1829 ξ
343 1766 434 1814 8-1
445 1767 491 1812 2„
545 1764 814 1813 Praeterea
828 1779 930 1813 non
947 1762 1319 1813 concedendum
1336 1763 1491 1813 videri
1506 1763 1860 1814 divinationem
1876 1779 1984 1814 esse

294 1829 679 1892 praedictionem
703 1838 756 1878 et
771 1830 1173 1892 praesensionem
1194 1843 1359 1877 rerum
1381 1829 1694 1878 fortuitarum
1714 1847 1729 1878 ε
1767 1830 1984 1892 primum

296 1894 431 1944 enim
447 1903 637 1955 ventOS‚
657 1903 861 1943 eventus
887 1894 1191 1955 morborum,
1206 1893 1365 1942 multa
1386 1895 1485 1942 alia
1510 1909 1617 1943 esse
1642 1895 1861 1954 fortuita,
1884 1909 1983 1942 non

295 1968 464 2009 tamen
487 1974 516 2007 e
538 1959 818 2010 Stoicorum
839 1968 1008 2009 mente
1030 1959 1323 2008 divinationi
1342 1959 1560 2007 subiecta
1578 1975 1591 2008 ε
1627 1958 1805 2008 deinde
1826 1959 1868 2006 si
1888 1959 1985 2008 for-

295 2025 426 2074 tuita
451 2024 693 2084 dicantur,
714 2039 846 2088 quae
877 2039 1039 2088 neque
1065 2024 1258 2072 ratione
1282 2037 1444 2086 neque
1470 2033 1575 2072 arte
1602 2024 1845 2086 provideri
1872 2039 1986 2086 pos-

297 2091 413 2152 sint,
433 2090 564 2153 qnod
590 2090 641 2138 in
675 2091 876 2140 fortuna
898 2091 1062 2152 posita
1087 2089 1203 2150 sint,
1221 2089 1411 2137 nullam
1438 2103 1583 2150 posse
1616 2103 1785 2137 earum
1818 2103 1983 2138 rerum

298 2171 405 2204 esse
427 2154 842 2218 praesensionem.
903 2155 992 2205 Sin
1015 2161 1186 2203 autem
1214 2153 1368 2203 Stoici
1393 2163 1574 2214 negent
1600 2169 1707 2204 esse
1732 2155 1983 2204 fortunam

298 2231 350 2270 et
375 2221 558 2282 omnia,
582 2235 712 2283 quae
741 2220 841 2269 sint
867 2233 1092 2283 quaeque
1119 2219 1285 2268 futura
1311 2218 1426 2280 sint,
1446 2234 1512 2267 ex
1534 2218 1668 2268 omni
1691 2221 1985 2270 aeternitate

297 2285 514 2334 fataliter
547 2285 754 2334 definita
786 2299 894 2334 esse
924 2285 1161 2342 iudicent,
1184 2284 1309 2332 nihil
1342 2285 1575 2348 prodesse
1608 2284 1981 2346 divinationem,

298 2365 405 2414 cap.
427 2353 540 2412 5—8,
563 2350 590 2410 ἓ
617 2353 795 2412 liz-21,
815 2359 866 2399 et
885 2365 1003 2400 vero
1019 2349 1249 2398 inutilem
1270 2350 1551 2398 hominibus
1574 2365 1683 2400 esse
1702 2351 1984 2404 futurarum

298 2431 466 2466 rerum
492 2417 766 2476 scientiam,
785 2430 894 2478 cap.
916 2418 966 2475 9,
988 2415 1015 2475 §
1041 2417 1219 2476 22-24‚
1238 2423 1288 2463 et
1310 2415 1445 2478 quod
1466 2415 1635 2464 dicant
1656 2417 1791 2464 mala
1816 2417 1985 2468 omnia

297 2482 366 2531 ad
380 2482 636 2531 ferendum
655 2481 838 2530 leviora
853 2481 960 2530 fore
975 2481 1121 2530 rebus
1143 2480 1323 2528 divinis
1339 2481 1630 2543 procuratis,
1649 2481 1773 2529 nihil
1788 2481 1839 2530 id
1856 2496 1981 2542 esse,

299 2547 448 2612 quod,
473 2547 515 2595 si
548 2545 672 2594 nihil
697 2545 787 2594 fiat
820 2555 964 2594 extra
995 2545 1171 2606 fatum,
1193 2546 1314 2594 nihil
1341 2546 1493 2594 levari
1524 2561 1578 2595 re
1610 2546 1779 2594 divina
1810 2547 1981 2608 possit,

300 2616 410 2674 cap.
431 2613 507 2673 10,
525 2609 554 2670 ἓ
575 2613 655 2672 25,
677 2613 756 2660 26.
811 2611 1062 2674 Deinceps
1085 2611 1279 2671 singula
1301 2610 1618 2660 divinationis
1640 2625 1838 2671 genera,
1859 2625 1987 2672 quae

300 2692 410 2740 cap.
433 2679 512 2737 11,
534 2675 563 2735 §
587 2679 669 2738 26,
692 2678 756 2726 27
779 2675 943 2725 denuo
965 2676 1192 2739 partitur,
1220 2669 1435 2725 refutare
1460 2675 1763 2737 adgreditur.
1821 2677 1901 2723 Ac
1924 2675 1987 2723 de

299 2741 618 2804 haruspicina
634 2742 833 2805 quidem
853 2741 1150 2805 disputat,·id
1169 2749 1258 2799 est,
1280 2741 1343 2790 de
1360 2742 1506 2802 extis,
1525 2755 1633 2804 cap.
1650 2742 1820 2801 12-16,
1840 2739 1869 2798 ἓ
1890 2741 1987 2787 28-

300 2809 368 2856 37
384 2825 398 2869 3
439 2807 503 2856 de
517 2806 804 2868 fulguribus,
823 2809 930 2870 cap‘.
955 2810 1133 2868 17-21,
1152 2805 1182 2865 ἓ
1206 2808 1399 2868 38-49;
1436 2807 1499 2855 de
1520 2805 1743 2866 ostentis,
1762 2819 1870 2868 cap.
1890 2807 1989 2852 22-

300 2874 386 2933 32,
405 2870 434 2932 9
456 2874 636 2921 49-69.
709 2873 906 2921 Deinde
926 2879 1341 2934 monstratquam
1358 2886 1487 2920 vana
1502 2871 1602 2920 sint
1620 2870 1853 2932 auspicia,
1874 2885 1981 2933 cap.

193 2953 208 2960 ·
301 2933 484 2998 ’83-40,
504 2937 533 2996 §
563 2939 738 2987 70—84.
809 2939 943 2986 Tum
975 2937 1039 2986 de
1071 2937 1283 2985 sortibus
1309 2938 1428 2996 agit,
1450 2952 1560 2998 cap.
1577 2937 1659 2996 41,
1680 2934 1709 2994 ἓ
1738 2937 1919 2994 85-87,
1938 2945 1989 2983 et

305 3001 370 3052 ‘de
395 3002 758 3052 Chaldaeorum
783 3001 1200 3066 praedictionibus
1227 3001 1532 3062 astrologicis
1559 3013 1827 3063 earumque
1844 3000 1989 3064 ‘vani-

304 3074 426 3128 tate,
444 3083 550 3130 cap.
571 3067 752 3130 42-47,
772 3067 802 3126 ἓ
831 3070 1008 3118 87-99.
1081 3067 1225 3127 Quae
1250 3067 1438 3130 reliqua
1472 3074 1588 3114 sunt
1614 3065 1715 3114 duo
1746 3065 1989 3114 naturalis

305 3133 622 3182 divinationis
651 3139 848 3194 genera,
865 3148 972 3195 cap.
993 3134 1074 3192 48,
1096 3131 1125 3191 5
1158 3135 1267 3192 100,
1288 3132 1499 3181 alterum
1529 3131 1879 3193 praedictionis
1912 3132 1989 3180 fu-

306 3207 420 3249 rore
449 3199 669 3265 quodam
701 3206 864 3263 natae,
888 3213 986 3262 quo
1018 3197 1171 3248 etiam
1207 3197 1445 3248 librorum
1476 3195 1833 3260 Sibyllinorum
1866 3197 1985 3246 alio·
