2199 3546
587 147 729 197 LIB.
751 146 850 208 ΙΙ.,
871 146 1030 198 CAP.
1051 147 1447 210 XV.-XV111.,
1469 146 1499 208 ξ
1522 149 1705 200 42-47.
1924 151 1991 200 63

295 247 370 306 In
398 266 518 326 quo
545 247 692 306 nihil
721 253 810 306 est
828 248 1119 307 difficilius
1147 268 1321 326 quam
1356 269 1391 307 a
1416 251 1831 308 consuetudine
1860 270 1993 310 ocu-

294 327 486 386 lorum
515 329 694 386 aciem
725 328 937 387 mentis
965 329 1263 387 abducere.
1328 329 1414 387 Ea
1432 329 1738 388 difficultas
1759 331 1992 390 induxit

294 415 359 466 et
390 408 564 486 vulgo
597 409 897 486 imperitos
939 417 996 466 et
1039 409 1255 467 similes
1285 409 1664 488 philosophos
1697 412 1991 488 imperito-

294 507 444 559 rum,
471 497 536 546 ut
568 489 679 545 nisi
713 488 912 565 figuris
951 488 1257 547 hominum
1300 491 1633 548 constitutis
1672 491 1817 549 nihil
1858 511 1990 568 pos·-

294 577 426 627 sent
455 569 527 626 de
555 568 645 625 dis
672 569 1096 628 immortalibus
1128 571 1397 647 cogitare.
1483 570 1665 628 Cuius
1697 572 1989 649 opinionis

293 648 500 706 levitas
539 649 840 707 confutata
879 669 914 706 a
953 649 1133 708 Cotta
1173 669 1289 707 non
1337 650 1622 708 desiderat
1664 651 1985 709 orationem

293 747 504 786 meam.
571 727 688 786 Sed
715 749 845 787 cum
869 729 1041 787 talem
1071 749 1195 788 esse
1222 728 1395 788 deum
1425 737 1579 788 certa
1605 731 1844 788 notione
1871 731 1988 788 ani-

292 809 380 866 mi
407 809 876 886 praesentiamuS,
900 809 1151 886 primum
1184 818 1251 867 ut
1279 810 1353 868 sit
1381 810 1659 881 animans,
1684 810 1895 868 deinde
1922 818 1989 869 ut

292 888 356 945 in
386 889 548 945 omni
570 896 774 946 natura
792 888 938 946 nihil
961 908 1030 946 eo
1053 890 1130 947 sit
1149 890 1550 967 praestantiuS,
1566 889 1640 948 ad
1663 889 1810 947 hanc
1831 909 1989 967 prae-

292 968 621 1026 sensionem
663 968 1078 1046 notionemque
1124 976 1379 1026 nostram
1425 969 1572 1027 nihil
1614 970 1783 1028 video
1829 969 1987 1048 quod

291 1048 493 1125 potius
531 1048 964 1106 accommodem
1007 1068 1181 1126 quam
1224 1056 1291 1106 ut
1322 1049 1575 1126 primum
1608 1050 1810 1108 hunc
1792 1069 1985 1128 lpsum

291 1127 596 1199 mundum,
623 1147 739 1206 quo
771 1128 918 1186 nihil
951 1129 1321 1187 excellentius
1348 1128 1471 1187 fieri
1498 1135 1707 1206 potest,
1732 1131 1987 1188 animan-

289 1215 414 1266 tem
443 1227 566 1266 esse
593 1217 652 1266 ct
673 1208 848 1266 deum
868 1208 1137 1267 iudicem.
1209 1213 1304 1266 46.
1336 1209 1454 1267 Hic
1483 1229 1654 1286 quam
1677 1209 1831 1268 volet
1850 1209 1988 1287 Epi-

289 1305 463 1346 curus
489 1288 724 1359 iocetur,
740 1287 918 1346 homo
945 1308 1063 1347 non
1092 1289 1425 1367 aptissimus
1452 1289 1527 1348 ad
1546 1289 1853 1349 iocandum
1881 1290 1988 1347 mi-

289 1368 565 1445 nimeque
592 1368 868 1446 resipiens
901 1369 1166 1446 patriam,
1190 1376 1250 1428 et
1278 1368 1435 1428 dicat
1462 1389 1522 1426 se
1554 1389 1671 1427 non
1705 1388 1875 1447 posse
1901 1369 1987 1427 in-

289 1447 562 1525 tellegere
591 1448 775 1526 qualis
803 1449 880 1506 sit
907 1448 1176 1506 volubilis
1204 1456 1263 1507 et
1290 1449 1573 1507 rotundus
1606 1449 1764 1521 deuS,
1787 1457 1983 1508 tamen

289 1547 363 1586 ex
391 1527 521 1599 hoc,
541 1528 699 1606 quod
727 1529 902 1586 etiam
930 1529 1054 1605 ipse
1082 1529 1305 1606 probat,
1326 1548 1647 1607 numquam
1673 1549 1767 1588 me
1794 1549 1987 1588 move-

287 1606 397 1667 bit.
468 1607 668 1666 Placet
695 1609 849 1666 enim
878 1608 962 1667 illi
992 1629 1115 1668 esse
1142 1609 1297 1681 dece,
1314 1609 1450 1688 quia
1477 1629 1705 1668 necesse
1732 1610 1809 1668 sit
1827 1629 1987 1687 prae·

289 1694 542 1746 stantem
585 1707 704 1746 esse
746 1689 996 1766 aliquam
1029 1695 1319 1748 naturam·
1314 1709 1443 1768 -qua
1472 1689 1618 1747 nihil
1652 1690 1728 1748 sit
1758 1689 1980 1748 melius·

289 1767 516 1828 Mundo
549 1776 741 1828 autem
776 1777 928 1828 certe
970 1769 1117 1827 nihil
1151 1778 1239 1828 est
1269 1769 1491 1829 melius,
1574 1769 1699 1828 Nec
1741 1769 1981 1828 dubium

291 1850 452 1926 quin,
471 1849 628 1927 quod
648 1849 910 1907 animans
931 1850 1006 1908 sit
1028 1849 1349 1927 habeatque
1370 1870 1597 1908 sensum
1622 1858 1681 1908 et
1700 1850 1983 1909 rationem

290 1936 353 1988 et
384 1936 656 1999 mentem,
687 1930 749 1987 id
783 1929 858 1987 sit
890 1929 1096 1987 melius
1139 1949 1312 2007 quam
1345 1930 1425 2000 id,
1457 1930 1613 2007 quod
1646 1930 1739 1987 his
1777 1938 1979 1989 careat.

291 2009 389 2068 47.
427 2008 520 2067 Ita
560 2008 804 2068 efficitur
843 2010 1217 2081 animantem,
1248 2029 1461 2080 sensae,
1492 2009 1721 2081 mentiS,
1744 2010 1985 2069 rationis

290 2088 574 2146 mundum
617 2108 742 2147 esse
781 2096 1130 2167 compotem.
1215 2087 1345 2158 Qua
1383 2090 1605 2147 ratione
1647 2090 1819 2149 deum
1862 2109 1983 2149 esse

289 2168 576 2228 mundum
609 2168 988 2228 concluditur.
1074 2168 1192 2227 Sed
1218 2167 1361 2227 haec
1393 2169 1567 2247 paulo
1596 2177 1729 2248 post
1755 2170 1983 2229 facilius

291 2256 716 2324 coguoscentur
747 2268 817 2307 ex
847 2250 918 2307 iis
951 2249 1121 2308 rebus
1148 2250 1307 2327 ipsiS,
1332 2268 1473 2327 quas
1505 2250 1757 2309 mundus
1789 2249 1979 2310 efficit.

290 2328 527 2388 XVIII.
561 2329 804 2401 Interea,
818 2329 1022 2401 Vellei,
1043 2330 1181 2401 noli,
1202 2349 1429 2407 quaem,
1453 2349 1589 2408 prae
1616 2338 1675 2389 te
1702 2331 1851 2389 ferre
1881 2351 1982 2389 vos

289 2408 463 2487 plane
493 2417 754 2487 expertes
782 2428 903 2468 esse
931 2409 1241 2468 doctrinae.
1312 2409 1539 2469 Conum
1562 2410 1672 2469 tibi
1692 2412 1776 2469 ais
1803 2418 1863 2469 et
1889 2430 1980 2488 cy·

289 2489 543 2548 lindrum
559 2497 620 2547 ct
631 2489 989 2568 pyramidem
1007 2490 1389 2567 pulchriorem
1406 2510 1577 2567 quam
1596 2491 1893 2567 sphaeram
1907 2491 1983 2548 vi-

292 2569 432 2627 deri.
495 2568 727 2627 Novum
749 2570 924 2627 etiam
943 2569 1238 2627 oculorum
1257 2570 1533 2629 iudicium
1554 2570 1793 2629 habetis·
1866 2569 1982 2629 Sed

291 2649 410 2706 sint
437 2649 548 2707 ista
577 2649 906 2726 pulchriora
937 2648 1239 2707 dumtaxat
1266 2656 1517 2727 aspectu,
1543 2650 1700 2728 quod
1727 2650 1874 2708 mihi
1901 2657 1984 2708 ta-

289 2747 426 2786 men
458 2728 650 2806 ipsum
683 2748 803 2787 non
831 2729 1090 2787 videtur:
1136 2729 1277 2806 quid
1310 2730 1463 2787 enim
1497 2729 1791 2807 pulchrius
1823 2750 1891 2788 ea
1921 2729 1983 2787 fi-

290 2826 452 2886 gura,
476 2827 622 2885 quae
655 2809 776 2867 sola
816 2828 1018 2867 omnes
1054 2808 1195 2867 alias
1226 2808 1435 2886 figuras
1468 2809 1767 2887 complexa
1803 2810 1985 2867 conti-

289 2894 393 2946 net
415 2907 672 2965 quaeque
699 2888 846 2946 nihil
875 2888 1199 2966 asperitatis
1224 2888 1449 2960 habere,
1472 2889 1615 2947 nihil
1648 2889 1983 2946 offensionis

291 2972 504 3045 potest,
534 2967 679 3025 nihil
713 2968 958 3025 incisum
992 2967 1235 3043 anguliS,
1266 2967 1411 3024 nihil
1444 2967 1813 3036 anfractibuS,
1836 2966 1981 3023 nihil

291 3047 568 3117 eminenS,
582 3046 727 3104 nihil
749 3046 1118 3105 lacunosum?
1151 3064 1397 3122 cumque
1420 3044 1565 3101 duae
1586 3045 1807 3101 formae
1827 3063 1983 3119 prae-

293 3126 680 3184 stantissimae
708 3126 840 3195 sint,
861 3143 931 3182 ex
953 3124 1152 3181 solidis
1172 3123 1541 3199 globus—-sic
1564 3122 1717 3179 enim
1740 3130 1981 3196 σφαῖραν

293 3204 1022 3282 interpretariplacet-ex
1044 3202 1231 3279 planis
1258 3208 1451 3285 autem
1481 3200 1663 3257 circus
1690 3206 1791 3255 aut
1810 3199 1981 3269 orbis,
