2199 3546
219 141 285 194 72
663 137 766 191 DE
777 181 784 188 .
795 136 1101 190 NATURA
1130 134 1454 200 DEORUM.

219 247 308 298 ter
333 238 582 298 inventis
609 245 792 296 tracta
817 238 965 308 ratio
993 237 1072 295 sit
1089 237 1165 308 ad
1182 237 1628 297 commenticios
1657 244 1717 296 et
1742 237 1913 297 fictos

219 319 400 377 deos?
449 337 596 396 quae
637 337 725 376 res
765 318 968 395 genuit
1008 317 1183 376 falsas
1232 318 1537 395 opiniones
1578 337 1911 396 erroresque

217 398 580 458 turbulentos
621 405 680 457 et
713 397 1149 474 superstitiones
1181 416 1393 474 paene*
1402 398 1598 457 aniles.
1682 398 1763 456 Et
1794 400 1914 458 for-

217 498 346 536 mae
379 477 534 536 enim
569 477 739 538 nobis
769 478 1010 537 deorum
1043 483 1105 536 et
1130 484 1353 536 aetates
1388 484 1451 536 et
1474 478 1715 537 vestitus
1747 497 1915 537 orna-

217 565 426 636 tusque
459 558 587 615 noti
619 563 772 629 sunt,
802 576 1013 634 genera
1045 562 1355 634 praeterea,
1384 558 1669 636 coniugia,
1700 577 1913 636 cogna-

217 638 407 696 tiones
440 637 748 715 omniaque
779 636 1056 697 traducta.
1073 637 1151 694 ad
1182 637 1621 696 similitudinem
1655 638 1915 697 imbecil-

217 718 398 778 litatis
424 717 741 776 humanae:
776 736 913 776 nam
939 725 1000 775 et
1019 716 1371 794 perturbatis
1396 717 1604 775 animis
1630 718 1915 777 inducun-

217 805 350 857 tur:
396 799 720 874 accepimus
752 796 908 854 enim
935 797 1177 856 deorum
1211 797 1577 874 eupiditateS,
1598 799 1915 874 aegritudi-

217 897 336 949 nes,
361 877 700 948 iracundias,
723 896 830 934 nec
861 895 1013 947 vere,
1043 885 1112 935 ut
1136 876 1375 936 fabulae
1405 878 1618 947 ferunt,
1648 878 1713 936 di
1743 878 1914 936 bellis

215 958 564 1036 proeliisque
591 964 912 1026 caruerunt,
931 975 1036 1016 nec
1063 956 1269 1026 solum,
1294 963 1363 1014 ut
1388 957 1543 1034 apud
1564 957 1910 1030 Homerum,

217 1057 350 1096 cum
379 1038 528 1096 duos
555 1037 836 1094 exercitus
863 1037 1181 1096 contrarios
1206 1037 1305 1094 alii
1325 1037 1388 1094 di
1408 1057 1479 1094 ex
1498 1037 1611 1094 alia
1630 1045 1793 1115 parte
1814 1039 1915 1096 de-

217 1117 539 1188 fenderent,
561 1117 664 1174 sed
691 1117 884 1188 etiam,
903 1125 971 1175 ut
990 1136 1125 1175 eum
1145 1116 1387 1188 Titanis,
1404 1125 1474 1175 ut
1495 1136 1625 1175 cum
1648 1117 1917 1194 Giganti-

217 1196 342 1268 bus,
363 1216 466 1258 sua
486 1197 723 1274 propria·
737 1196 887 1254 bella
907 1203 1219 1274 gesserunt.
1288 1197 1451 1256 Haec
1472 1204 1533 1256 et
1552 1197 1825 1256 dicuntur
1852 1207 1915 1257 et

217 1277 530 1336 creduntur
549 1277 884 1336 stultissime
905 1285 965 1335 et
980 1277 1153 1353 plena
1168 1283 1303 1334 sunt
1318 1277 1615 1335 futilitatis
1632 1297 1916 1336 summae—

219 1377 330 1434 que
353 1357 618 1414 levitatis.
688 1357 782 1415 71.
806 1356 922 1414 Sed
942 1365 1135 1415 tamen
1160 1356 1253 1414 his
1270 1355 1485 1414 fabulis
1512 1357 1719 1434 spretis
1740 1377 1807 1415 ae
1826 1377 1915 1415 re—

219 1437 472 1515 pudiatis
494 1436 636 1496 deus
656 1437 952 1514 pertinens
970 1455 1076 1514 per
1091 1443 1357 1494 naturam
1385 1437 1662 1514 cuiusque
1686 1437 1788 1508 rei,
1808 1457 1917 1515 per

219 1527 397 1577 terras
429 1516 618 1587 Ceres,
644 1535 748 1594 per
778 1517 960 1574 maria
987 1515 1317 1592 Neptunus,
1340 1516 1439 1574 alii
1471 1535 1575 1594 per
1604 1517 1717 1575 alia
1748 1525 1915 1594 pote-

219 1605 355 1656 runt
381 1597 656 1673 intellegi,
679 1596 780 1674 qui
809 1595 1116 1673 qualesque
1142 1595 1261 1654 sint
1290 1616 1519 1675 quoque
1546 1615 1647 1655 eos
1672 1598 1913 1655 nomine

219 1676 576 1735 consuetudo
605 1675 1036 1753 nuncupaverit,
1059 1675 1171 1734 hos
1196 1675 1337 1734 deos
1364 1683 1424 1734 et
1450 1678 1705 1735 venerari
1732 1684 1793 1735 et
1820 1695 1913 1735 co-

217 1757 334 1818 lere
375 1755 668 1817 debemus.
753 1755 958 1815 Cultus
999 1762 1191 1815 autem
1235 1756 1477 1815 deorum
1520 1763 1608 1815 est
1649 1758 1910 1835 optimus

219 1838 490 1916 idemque
515 1836 870 1896 castissimus
897 1843 1070 1914 atque
1104 1837 1495 1896 sanctissimus
1522 1838 1916 1916 plenissimus-

221 1937 332 1995 que
366 1918 614 1996 pietatis,
639 1925 706 1976 ut
739 1936 838 1975 eos
871 1936 1096 1995 semper
1128 1936 1289 1995 pura,
1312 1918 1553 1995 integra,
1576 1918 1913 1996 incorrupta

219 2006 280 2057 et
305 2005 500 2057 mente
533 2005 594 2057 et
620 2017 760 2057 voce
787 2004 1138 2057 veneremur.
1222 1996 1282 2056 N
1282 2016 1359 2055 on
1392 1998 1547 2055 enim
1574 1998 1912 2076 philosophi

221 2078 426 2149 solum,
450 2098 647 2137 verum
679 2078 853 2137 etiam
887 2078 1137 2137 maiores
1168 2077 1353 2136 nostri
1380 2078 1847 2154 superstitionem
1876 2099 1913 2136 a

221 2157 498 2233 religione
525 2164 943 2235 separaverunt.
1016 2158 1109 2216 72.
1138 2156 1295 2214 Nam
1322 2158 1424 2235 qui
1450 2166 1609 2215 totos
1634 2157 1759 2217 dies
1787 2176 1913 2236 pre-

219 2236 498 2297 cabantur
537 2244 596 2295 et
635 2237 1030 2309 immolabant,
1060 2244 1129 2295 ut
1168 2236 1282 2295 sibi
1323 2238 1412 2295 sui
1444 2236 1609 2295 liberi
1643 2238 1913 2315 supersti-

219 2322 308 2375 tes
349 2323 554 2387 essent,
585 2317 966 2394 superstitiosi
1007 2324 1146 2376 sunt
1184 2316 1474 2395 appellati,
1498 2316 1657 2396 quod
1696 2336 1911 2376 nomen

219 2397 411 2475 patuit
458 2403 660 2473 postea
705 2395 891 2453 latius.
977 2395 1094 2465 Qui
1142 2405 1337 2455 autem
1385 2398 1597 2469 omnia,
1640 2417 1787 2475 quae
1831 2397 1912 2456 ad

221 2477 438 2535 cultum
469 2476 706 2534 deorum
736 2476 1107 2553 pertinerent,
1126 2476 1433 2555 diligenter
1456 2484 1831 2535 retractarent
1850 2486 1913 2536 et

221 2564 516 2634 tamquam
546 2556 878 2633 relegerent,
901 2564 1038 2615 sunt
1064 2557 1208 2615 dieti
1228 2556 1484 2633 religiosi
1512 2576 1577 2615 ex
1612 2556 1647 2588 ‘⁴
1660 2556 1913 2633 relegen-

220 2637 298 2694 do
317 2636 351 2664 ’'
388 2630 702 2712 [elegantes
743 2655 814 2696 ex
849 2636 884 2663 “
903 2636 1170 2715 eligendo
1189 2634 1270 2713 ''],
1292 2644 1589 2715 tamquam
1626 2656 1695 2694 ex
1731 2638 1766 2665 “
1785 2636 1913 2696 dili-

221 2716 412 2792 gendo
431 2715 464 2743 '’
500 2715 822 2791 diligentes,
853 2735 924 2776 ex
958 2716 1399 2793 “intellegendo
1418 2716 1452 2745 ’⁹
1492 2716 1907 2794 intellegentes.

221 2796 334 2855 His
366 2796 520 2853 enim
548 2794 610 2853 in
641 2795 826 2851 verbis
859 2794 1129 2853 omnibus
1156 2796 1307 2853 inest
1333 2797 1421 2853 vis
1447 2795 1678 2873 legendi
1706 2796 1905 2853 eadem

223 2894 368 2951 quae
396 2875 455 2931 in
484 2873 768 2949 religiose.
853 2873 945 2930 Ita
963 2874 1183 2931 factum
1215 2882 1303 2932 est
1332 2875 1395 2931 in
1424 2875 1823 2952 superstitioso
1850 2884 1909 2932 et

221 2954 490 3029 religioso
532 2952 775 3011 alterum
817 2951 946 3009 vitii
986 2970 1216 3022 nomen,
1248 2952 1489 3011 alterum
1531 2954 1733 3011 laudis.
1818 2954 1909 3011 Ae

221 3032 368 3089 mihi
395 3032 594 3089 videor
621 3030 758 3088 satis
787 3036 846 3087 et
873 3048 994 3087 esse
1023 3030 1163 3087 deos
1192 3036 1251 3086 et
1276 3030 1473 3106 quales
1504 3040 1695 3091 essent
1722 3040 1925 3090 ostem.

223 3111 387 3169 disse.

303 3188 531 3245 XXIX.
580 3186 611 3245 '7
619 3194 670 3244 3.
697 3185 1035 3245 Proximum
1061 3192 1153 3244 est
1172 3191 1237 3243 ut
1257 3184 1494 3245 doceam
1515 3188 1755 3247 deorum
1776 3208 1907 3266 pro-
