2199 3546
279 0 328 24 q

245 136 341 205 176
765 154 866 203 m:
895 152 1403 205 DmNA'rIONE.

325 261 420 315 81.
463 254 811 315 Obiciuntur
850 256 1026 315 etiam
1067 274 1237 333 saepe
1268 256 1509 329 formae,
1544 274 1693 335 quae
1732 276 1931 338 reapse

241 336 430 395 nullae
459 344 608 407 sunt,
634 338 1109 413 speciem-autem
1130 336 1429 395 offerunt:
1474 338 1634 415 quod
1660 340 1931 417 contigis-

241 436 302 475 se
335 416 570 475 Brenno
612 415 824 475 dicitur
863 417 1097 493 eiusque
1130 414 1365 474 Gallicis
1397 418 1597 495 copiis,
1622 437 1755 477 cum
1785 420 1927 478 fano

237 496 532 575 Apollinis
559 495 829 574 Delphici
855 497 1143 554 nefarium
1168 495 1383 555 bellum
1415 497 1720 558 intulisset.
1776 498 1929 559 Tum

239 578 394 635 enim
422 578 619 636 ferunt
647 596 715 635 ex
745 576 974 634 oraculo
1001 577 1251 635 ecfatam
1280 596 1401 636 esse
1428 576 1739 657 Pythiam:

483 698 595 761 Ego
618 697 883 761 providebo
906 704 1015 749 rem'
1032 698 1182 747 istam
1204 706 1255 748 et
1276 698 1421 749 albae
1441 699 1685 761 virgines‘

237 814 324 873 Ex
373 834 488 894 quo
532 817 751 873 factum
797 823 861 873 ut·
903 815 1234 873 viderentur
1274 815 1527 893 virgines
1571 817 1722 875 ferre
1768 836 1929 876 arma

237 902 438 953 contra
505 903 564 953 et
633 896 762 953 nive
841 894 1140 952 Gallorum
1222 895 1559 953 obrueretur
1624 897 1921 957 exercitus.

237 974 591 1034 XXXVIII.
635 974 978 1033 Aristoteles
1011 975 1251 1053 quidem
1282 994 1383 1033 eos
1422 975 1616 1047 etiam,
1644 976 1748 1054 qui
1780 977 1927 1036 vale-

236 1055 458 1113 tudinis
482 1055 628 1113 vitio
649 1056 907 1113 furerent
927 1062 986 1113 et
1006 1054 1405 1114 melancholici
1433 1055 1773 1129 dicerentur,
1797 1075 1926 1115 cen-

235 1134 399 1193 sebat
447 1135 654 1193 habere
701 1134 922 1212 aliquid
966 1136 1030 1193 in
1057 1136 1289 1209 ⁴animis
1334 1136 1699 1213 praesagiens
1750 1144 1925 1215 atque

235 1214 514 1273 divinum.
599 1214 727 1291 Ego
771 1222 966 1273 autem
1013 1214 1171 1274 haud
1216 1216 1336 1277 scio
1380 1234 1454 1273 an
1503 1234 1609 1274 nec
1652 1216 1924 1275 cardiacis

234 1293 346 1352 hoc
378 1294 751 1353 tribuendum
780 1295 856 1360 sit
887 1314 993 1353 nec
1024 1295 1408 1373 phreneticis:
1450 1296 1631 1354 animi
1656 1296 1813 1355 enim
1840 1297 1925 1355 in-

233 1374 400 1451 tegri,
423 1394 542 1434 non
570 1376 764 1433 vitiosi
793 1376 1048 1452 corporis
1075 1382 1163 1435 est
1189 1376 1487 1435 divinatio,

317 1461 410 1513 82.
455 1455 642 1525 Quam
677 1456 910 1533 quidem
939 1475 1062 1513 esse
1089 1474 1151 1514 re
1174 1474 1314 1514 vera.
1341 1456 1449 1514 hac
1481 1454 1812 1515 Stoicorum
1840 1476 1923 1515 ra·

234 1534 394 1593 tione
421 1535 812 1595 concluditur:
859 1535 974 1593 “Si
1001 1534 1137 1595 sunt
1168 1536 1229 1595 di
1260 1554 1445 1615 neque
1470 1542 1605 1595 ante
1633 1536 1925 1595 declarant

233 1614 568 1675 hominibus
601 1634 745 1693 quae
777 1616 975 1673 futura
1007 1616 1143 1689 sint,
1170 1625 1273 1675 aut
1304 1636 1421 1674 non
1456 1616 1709 1695 diligunt
1736 1616 1925 1677 homi-

233 1712 335 1753 nes
367 1702 470 1754 aut
502 1695 644 1775 quid
675 1703 1011 1758 eventurum
1047 1696 1124 1753 sit
1156 1696 1426 1773 ignorant
1456 1705 1558 1755 aut
1588 1697 1924 1757 existimant

233 1776 377 1834 nihil
420 1777 689 1836 interesse
723 1776 1026 1835 hominum
1060 1777 1202 1836 scire
1236 1778 1377 1855 quid
1410 1777 1487 1836 sit
1525 1779 1786 1836 futurum
1820 1786 1924 1837 aut

232 1875 350 1914 non
386 1863 622 1916 censent
653 1875 774 1916 esse
808 1876 941 1914 suae
973 1857 1290 1916 maiestatis
1330 1857 1787 1936 praesignificare
1819 1858 1923 1917 ho-

232 1936 487 1996 minibus
529 1955 673 2015 quae
706 1937 823 1994 sint
862 1937 1060 1995 futura
1091 1944 1193 1996 aut
1232 1955 1311 1996 ea·
1330 1955 1405 1996 ne
1434 1937 1550 2016 ipsi
1591 1938 1825 2016 quidem
1858 1938 1923 1997 di

233 2015 552 2093 significare
585 2025 844 2094 possunt.
914 2017 1013 2075 ‘At
1049 2035 1239 2096 neque
1282 2036 1398 2076 non
1442 2017 1695 2096 diligunt
1733 2037 1923 2078 nos-—

233 2103 368 2153 sunt
409 2097 564 2155 enim
605 2097 846 2156 benefici
885 2097 1195 2178 generique
1235 2097 1536 2180 hominum
1574 2098 1923 2158 amici—ne-

233 2194 344 2252 que
366 2177 637 2254 ignorant
657 2197 739 2248 ea,
765 2197 908 2254 quae
937 2177 1008 2234 ab
1032 2177 1174 2255 ipsis
1200 2178 1516 2236 constituta
1540 2186 1602 2237 et
1622 2177 1923 2258 designata

233 2263 385 2328 sunt,
409 2275 595 2333 neque
622 2266 819 2314 nostra
851 2255 994 2314 nihil
1028 2258 1266 2317 interest
1298 2258 1440 2316 scire
1468 2278 1549 2330 ea,
1575 2277 1735 2338 quae⁸
1753 2278 1921 2317 even-

230 2343 362 2393 tura
393 2337 821 2394 sunt—erimus
848 2337 1002 2394 enim
1036 2339 1335 2411 cautioreS,
1368 2339 1417 2397 si
1449 2338 1709 2418 sciemus,
1733 2357 1921 2418 neque

232 2415 344 2473 hoc
384 2416 632 2474 alienum
677 2416 896 2474 ducunt
941 2417 1241 2476 maiestate
1288 2437 1406 2490 sua,
1442 2417 1587 2476 nihil
1631 2425 1719 2476 est
1762 2420 1921 2478 enim

231 2494 606 2554 beneficentia
632 2497 1279 2576 praestantius-neque
1306 2517 1425 2557 non
1453 2505 1698 2576 possunt
1723 2498 1923 2564 futura

231 2594 615 2652 praenoscere.
702 2583 794 2635 83.
839 2576 976 2635 Non
1004 2577 1183 2655 igitur
1210 2586 1344 2636 sunt
1371 2579 1434 2637 di
1461 2597 1567 2637 nec
1595 2577 1920 2656 significant

229 2656 444 2714 futura.
529 2656 678 2715 Sunt
709 2663 904 2714 autem
937 2657 1014 2730 di,
1051 2656 1381 2735 significant
1420 2677 1575 2736 erg0.
1658 2657 1739 2715 Et
1778 2677 1917 2731 non,

231 2735 280 2792 si
309 2734 649 2812 significant,
673 2736 856 2794 nullas
877 2737 997 2794 vias
1024 2737 1171 2795 dant
1193 2737 1362 2796 nobis
1388 2739 1463 2797 ad
1484 2737 1921 2816 significationis

231 2815 824 2874 scientiam—frustra
864 2817 1018 2874 enim
1060 2817 1651 2894 significarent—nec,
1686 2818 1737 2877 si
1776 2818 1923 2878 dant

231 2895 366 2964 vias,
390 2914 508 2952 non
537 2901 626 2954 est
653 2895 966 2954 divinatio:
1010 2904 1098 2954 est
1124 2897 1305 2974 igitur
1331 2898 1668 2958 divinati0.'’

311 2973 602 3034 XXXIX.
681 2980 773 3035 84.
805 2975 933 3033 Hac
962 2976 1183 3034 ratione
1211 2984 1271 3037 et
1296 2977 1659 3072 Chrysippus
1690 2983 1753 3036 et
1774 2977 1921 3036 Dio·

229 3073 404 3130 genes
432 3062 492 3113 et
517 3055 829 3133 Antipater
855 3056 1052 3114 utitur.
1126 3056 1282 3125 Quid
1308 3065 1395 3118 est
1420 3059 1601 3136 igitur
1626 3074 1729 3117 cur
1755 3056 1923 3118 dubi-

229 3135 470 3192 tandum
501 3135 578 3192 sit
611 3136 750 3213 quin
779 3136 896 3193 sint
923 3153 1006 3206 ea,
1031 3153 1177 3212 quae
1204 3137 1511 3216 disputavi,
1534 3138 1845 3212 verissima,
1868 3137 1922 3198 si

230 3213 378 3274 ratio
412 3233 639 3274 mecum
680 3215 840 3287 facit,
871 3216 921 3274 si
951 3221 1174 3291 eventa,
1206 3218 1256 3277 si
1294 3217 1515 3299 populi,
1544 3218 1597 3278 si
1632 3217 1919 3294 nationes,
