2199 3546
732 133 869 183 Lm.
898 133 966 194 1.,
991 131 1149 181 CAP.
1178 131 1380 192 11.-v.‚
1404 129 1434 190 ς
1458 132 1603 181 4-11.
1979 133 2011 181 τ

321 235 458 296 dam
489 234 706 312 putavi,
737 233 936 311 magni
969 232 1303 290 exist-imaus
1335 232 1605 289 iuteresse
1638 229 1715 288 ad
1746 229 1924 288 decus
1954 238 2014 290 et

321 315 396 373 ad
418 315 648 372 laudem
675 313 926 372 civitatis
953 331 1043 370 res
1064 321 1187 370 tam
1214 331 1415 388 graves
1435 318 1670 387 tamque
1697 309 2013 387 praeclaras

321 394 544 452 Latinis
573 394 748 451 etiam
776 393 984 451 litteris
1012 392 1311 450 contineri.
1382 398 1434 449 8.
1471 391 1672 468 quue
1702 409 1794 448 me
1821 390 2013 448 minus

321 477 582 536 instituti
604 476 718 534 mei
741 475 1016 552 paenitet,
1037 474 1199 551 quod
1214 473 1385 532 facile
1406 473 1592 531 sentio
1616 491 1789 550 quam
1805 471 2014 530 multo-

325 575 452 616 rum
487 575 604 612 non
639 555 818 613 modo
851 554 1129 625 discendi,
1154 553 1255 612 sed
1287 553 1461 610 etiam
1495 552 1783 610 scribendi
1822 553 2014 610 studia

321 635 751 694 commoverim.
848 633 1191 711 Complures
1232 633 1387 691 enim
1429 631 1663 690 Graecis
1701 632 2014 690 institutio-

322 715 494 774 nibus
533 715 747 774 eruditi
787 733 871 785 ea,
903 733 1050 791 quae
1089 713 1427 782 didicerant,
1459 731 1592 770 cum
1634 712 1855 770 civibus
1895 712 2013 770 suis

322 796 748 854 communicare
776 813 897 851 non
924 800 1210 871 poterant,
1232 793 1389 870 quod
1411 791 1525 864 illa,
1550 811 1694 869 quae
1721 811 1757 849 a
1782 791 2013 850 Graecis

321 877 691 952 accepissent,
723 873 928 932 Latine
969 873 1085 930 dici
1126 892 1295 951 posse
1342 871 1683 930 diffiderent.
1779 871 1909 940 Quo
1949 871 2012 928 in

319 973 532 1031 genere
573 962 802 1012 tantum
843 953 1158 1031 profecisse
1190 953 1469 1023 videmur,
1494 959 1561 1010 ut
1600 971 1637 1009 a
1675 951 1907 1010 Graecis
1939 970 2012 1009 ne

322 1035 634 1094 verborum
689 1033 925 1111 quidem
979 1033 1148 1111 copia
1191 1033 1563 1090 vinceremur.
1663 1037 1717 1090 9.
1761 1031 2013 1090 Hortata

321 1114 500 1175 etiam
529 1121 633 1186 est,
654 1121 720 1172 ut
747 1133 840 1172 me
867 1113 944 1172 ad
970 1112 1113 1172 haec
1138 1112 1478 1183 conferrem,
1502 1111 1681 1170 animi
1708 1111 2011 1188 aegritudo

319 1195 590 1255 fortunae
630 1213 842 1272 magna
881 1200 942 1252 et
980 1192 1143 1271 gravi
1183 1200 1478 1251 commota
1515 1192 1739 1264 iniuria,
1760 1192 1924 1250 cuius
1964 1191 2013 1250 si

320 1274 600 1334 maiorem
628 1273 880 1352 aliquam
900 1273 1244 1332 levationem
1268 1272 1515 1349 reperire
1534 1272 1869 1350 potuissem,
1894 1291 2010 1330 non

321 1353 397 1415 ad
416 1353 566 1414 hanc
585 1354 956 1432 potissimum
977 1353 1387 1430 confugissem.
1450 1353 1537 1410 Ea
1555 1367 1689 1410 vero
1710 1353 1837 1429 ipsa
1855 1351 2013 1410 nulla

321 1435 544 1492 ratione
576 1433 784 1492 melius
815 1433 933 1491 frui
961 1434 1145 1510 potui,
1171 1453 1345 1511 quam
1374 1433 1423 1490 si
1449 1451 1545 1490 me
1571 1449 1689 1489 non
1717 1431 1896 1490 modo
1936 1431 2012 1490 ad

320 1513 597 1591 legendos
637 1512 830 1585 libros,
862 1513 961 1572 sed
1012 1513 1189 1572 etiam
1238 1513 1312 1570 ad
1355 1519 1539 1570 totam
1581 1511 2011 1590 philosophiam

319 1592 780 1670 pertractandam
809 1593 1113 1652 dedissem.
1198 1592 1419 1654 Omnes
1450 1598 1644 1650 autem
1670 1591 1795 1650 eius
1820 1598 2011 1669 partes

320 1679 495 1750 atque
523 1673 720 1732 omnia
751 1672 1011 1732 membra
1041 1679 1169 1730 tum
1202 1672 1479 1731 facillime
1520 1678 1853 1743 noscuntur,
1876 1690 2010 1730 cum

319 1758 480 1815 totae
513 1753 880 1833 quaestiones
918 1751 1227 1811 scribendo
1257 1751 1631 1831 explicantur.
1715 1751 1823 1809 Est
1854 1751 2010 1810 enim

319 1833 675 1894 admirabilis
697 1832 979 1911 quaedam
1005 1834 1371 1899 continuatio
1398 1832 1687 1911 seriesque
1712 1850 1921 1904 rerum,
1943 1839 2011 1892 ut

319 1914 436 1973 alia
461 1933 531 1973 ex
559 1914 672 1973 alia
700 1932 854 1973 nexa
883 1920 945 1971 et
977 1932 1180 1972 omnes
1209 1913 1362 1971 inter
1390 1931 1450 1971 se
1482 1921 1651 1990 apta-e
1691 1910 2012 1989 colligatae-

321 2007 436 2071 que
462 1993 780 2053 videantur.
833 2026 838 2033 ·
864 1992 940 2051 V.
1028 1998 1122 2049 10.
1168 1991 1283 2061 Qui
1310 1999 1504 2051 autem
1538 1990 1836 2069 requirunt
1868 1992 2011 2069 quid

321 2088 552 2151 quaque
595 2072 669 2131 de
719 2092 778 2129 re
823 2072 935 2149 ipsi
985 2071 1316 2144 sentiamuS,
1352 2071 1631 2131 curiosius
1671 2071 1735 2129 id
1786 2071 2010 2131 faciunt

320 2170 497 2230 quam
525 2171 754 2210 necesse
781 2160 883 2209 cst.
951 2150 1012 2209 N
1011 2170 1089 2209 on
1118 2151 1274 2209 enim
1300 2159 1423 2211 tam
1450 2158 1709 2209 auctores
1728 2151 1787 2209 in
1817 2151 2011 2229 dispu-

316 2232 500 2293 tando
523 2250 695 2310 quam
717 2231 956 2289 rat-ionis
977 2238 1274 2290 momenta
1292 2230 1615 2309 quaerenda
1634 2239 1784 2290 sunt.
1853 2230 2007 2301 Quin

317 2313 495 2371 etiam
529 2312 695 2370 obest
721 2311 1060 2391 plerumque
1087 2311 1177 2384 iis,
1199 2312 1300 2389 qui
1330 2312 1547 2369 discere
1574 2311 1792 2382 volunt,
1814 2319 2009 2369 aucto-

318 2392 458 2451 ritas
473 2408 692 2464 eorum‚
717 2392 817 2469 qui
838 2411 900 2451 se
919 2392 1127 2451 docere
1146 2390 1524 2469 profitentur:
1558 2390 1830 2449 desinunt
1850 2390 2007 2448 enim

318 2490 490 2533 suum
515 2471 810 2533 iudicium
851 2470 1142 2542 adhibere,
1172 2472 1237 2529 id
1267 2470 1485 2529 habent
1516 2476 1723 2543 ratum,
1748 2470 1907 2547 quod
1934 2470 2007 2529 ab

318 2570 405 2623 ec,
431 2570 602 2629 quem
630 2550 894 2628 probant,
919 2551 1239 2611 iudicatum
1267 2550 1482 2609 vident.
1567 2549 1690 2608 Nec
1717 2568 1853 2609 vero
1880 2568 2010 2627 pro-

317 2630 453 2690 bare
485 2630 644 2692 soleo
676 2630 756 2702 id,
781 2631 938 2709 quod
971 2631 1044 2691 de
1078 2629 1464 2707 Pythagoreis
1495 2629 1839 2705 accepimus,
1863 2647 2009 2706 quos

317 2710 532 2782 ferunt,
563 2711 612 2768 si
657 2710 800 2787 quid
839 2710 1211 2769 adfirmarent
1251 2710 1313 2766 in
1353 2708 1725 2785 disputando,
1756 2727 1887 2766 cum
1937 2726 2007 2765 ex

319 2789 394 2853 iis
435 2796 812 2867 quaereretur,
837 2810 951 2867 qua
983 2810 1044 2847 re
1077 2791 1161 2847 ita
1192 2795 1357 2858 esset,
1379 2786 1726 2865 respondere
1766 2786 2005 2845 solitos:

317 2867 455 2942 Ipse
473 2868 636 2928 dixit.
697 2870 732 2897 ‘⁴
753 2870 884 2946 Ipse
903 2869 936 2895 ’'
961 2877 1152 2927 autem
1178 2874 1299 2925 erat
1320 2866 1699 2943 Pythagoras
1756 2865 2008 2923 Tantum

319 2948 521 3025 opinio
540 2949 930 3026 praeiudicata
955 2953 1201 3023 poterat,
1224 2953 1292 3002 ut
1317 2946 1494 3003 etiam
1523 2944 1647 3000 siue
1672 2944 1896 3000 ratione
1916 2962 2010 2999 va-

318 3027 460 3086 leret
481 3029 804 3086 auctoritas.
878 3032 906 3082 1
919 3032 971 3082 1.
1008 3024 1125 3092 Qui
1146 3030 1339 3081 autem
1360 3021 1717 3079 admirantur
1735 3038 1843 3075 nos
1861 3018 2010 3075 hanc

318 3107 688 3185 potissimum
715 3104 1082 3182 disciplinam
1110 3107 1355 3169 secutOS,
1375 3099 1469 3155 his
1497 3101 1767 3172 quattuor
1792 3094 2013 3151 Acade-

318 3187 486 3245 micis
517 3185 680 3243 libris
711 3184 852 3241 satis
883 3196 1227 3252 responsum
1260 3176 1503 3233 videtur.
1586 3168 1712 3227 Neo
1743 3189 1879 3228 vero
1919 3168 2013 3230 εἶθ·

990 3400 1038 3451 J
1790 3402 2109 3479 c>
