<?xml version="1.0" encoding="UTF-8"?>
<!DOCTYPE html PUBLIC "-//W3C//DTD XHTML 1.0 Transitional//EN"
    "http://www.w3.org/TR/xhtml1/DTD/xhtml1-transitional.dtd">
<html xmlns="http://www.w3.org/1999/xhtml" xml:lang="en" lang="en">
 <head>
  <title>
</title>
<meta http-equiv="Content-Type" content="text/html;charset=utf-8" />
  <meta name='ocr-system' content='tesseract 3.04.00' />
  <meta name='ocr-capabilities' content='ocr_page ocr_carea ocr_par ocr_line ocrx_word'/>
</head>
<body>
  <div class='ocr_page' id='page_1' title='image "./denaturadeorumd00cicegoog_0177.png"; bbox 0 0 2199 3546; ppageno 0'>
   <div class='ocr_carea' id='block_1_1' title="bbox 567 143 2015 210">
    <p class='ocr_par' dir='ltr' id='par_1_1' title="bbox 567 143 2015 210">
     <span class='ocr_line' id='line_1_1' title="bbox 567 143 2015 210; baseline 0.002 -15"><span class='ocrx_word' id='word_1_1' title='bbox 567 145 708 196; x_wconf 80' lang='lat' dir='ltr'>Lm.</span> <span class='ocrx_word' id='word_1_2' title='bbox 739 147 807 208; x_wconf 90' lang='lat'>1.,</span> <span class='ocrx_word' id='word_1_3' title='bbox 830 145 989 197; x_wconf 78' lang='lat' dir='ltr'>cAP.</span> <span class='ocrx_word' id='word_1_4' title='bbox 1018 146 1509 210; x_wconf 84' lang='lat' dir='ltr'>xxv.-xxvn1.‚</span> <span class='ocrx_word' id='word_1_5' title='bbox 1536 143 1566 206; x_wconf 68' lang='lat'><strong>5</strong></span> <span class='ocrx_word' id='word_1_6' title='bbox 1594 146 1774 196; x_wconf 80' lang='lat'>54-59.</span> <span class='ocrx_word' id='word_1_7' title='bbox 1917 148 2015 198; x_wconf 66' lang='grc' dir='ltr'>ιω</span> 
     </span>
    </p>
   </div>
   <div class='ocr_carea' id='block_1_2' title="bbox 323 245 2020 3283">
    <p class='ocr_par' dir='ltr' id='par_1_2' title="bbox 323 245 2020 1906">
     <span class='ocr_line' id='line_1_2' title="bbox 327 245 2017 325; baseline -0.001 -19"><span class='ocrx_word' id='word_1_8' title='bbox 327 263 491 306; x_wconf 87' lang='lat' dir='ltr'>rum:</span> <span class='ocrx_word' id='word_1_9' title='bbox 535 246 730 324; x_wconf 88' lang='lat' dir='ltr'>itaque</span> <span class='ocrx_word' id='word_1_10' title='bbox 763 245 1123 308; x_wconf 82' lang='lat' dir='ltr'>Simonidem</span> <span class='ocrx_word' id='word_1_11' title='bbox 1156 246 1384 317; x_wconf 81' lang='lat' dir='ltr'>redisse,</span> <span class='ocrx_word' id='word_1_12' title='bbox 1410 245 1623 323; x_wconf 88' lang='lat' dir='ltr'>perisse</span> <span class='ocrx_word' id='word_1_13' title='bbox 1656 252 1890 318; x_wconf 89' lang='lat' dir='ltr'>ceteros,</span> <span class='ocrx_word' id='word_1_14' title='bbox 1916 245 2017 325; x_wconf 88' lang='lat' dir='ltr'>qui</span> 
     </span>
     <span class='ocr_line' id='line_1_3' title="bbox 327 325 2016 403; baseline 0 -18"><span class='ocrx_word' id='word_1_15' title='bbox 327 334 456 385; x_wconf 89' lang='lat' dir='ltr'>tum</span> <span class='ocrx_word' id='word_1_16' title='bbox 484 327 860 403; x_wconf 79' lang='lat' dir='ltr'><strong>navigassent.</strong></span> <span class='ocrx_word' id='word_1_17' title='bbox 947 327 1040 385; x_wconf 84' lang='lat'>57.</span> <span class='ocrx_word' id='word_1_18' title='bbox 1086 325 1351 385; x_wconf 88' lang='lat' dir='ltr'>Alterum</span> <span class='ocrx_word' id='word_1_19' title='bbox 1373 327 1456 385; x_wconf 87' lang='lat' dir='ltr'>ita</span> <span class='ocrx_word' id='word_1_20' title='bbox 1482 326 1775 398; x_wconf 84' lang='lat' dir='ltr'>traditum,</span> <span class='ocrx_word' id='word_1_21' title='bbox 1799 326 2016 385; x_wconf 87' lang='lat' dir='ltr'>clarum</span> 
     </span>
     <span class='ocr_line' id='line_1_4' title="bbox 329 406 2017 483; baseline 0 -18"><span class='ocrx_word' id='word_1_22' title='bbox 329 406 642 465; x_wconf 85' lang='lat' dir='ltr'><strong>admodum</strong></span> <span class='ocrx_word' id='word_1_23' title='bbox 673 408 977 464; x_wconf 88' lang='lat' dir='ltr'>somnium.</span> <span class='ocrx_word' id='word_1_24' title='bbox 1063 407 1213 464; x_wconf 85' lang='lat' dir='ltr'>Cum</span> <span class='ocrx_word' id='word_1_25' title='bbox 1243 407 1359 463; x_wconf 93' lang='lat' dir='ltr'>duo</span> <span class='ocrx_word' id='word_1_26' title='bbox 1390 406 1623 483; x_wconf 88' lang='lat' dir='ltr'>quidam</span> <span class='ocrx_word' id='word_1_27' title='bbox 1652 406 1909 465; x_wconf 77' lang='lat' dir='ltr'><strong>Arcades</strong></span> <span class='ocrx_word' id='word_1_28' title='bbox 1934 407 2017 465; x_wconf 86' lang='lat' dir='ltr'>fa-</span> 
     </span>
     <span class='ocr_line' id='line_1_5' title="bbox 327 486 2019 563; baseline 0 -19"><span class='ocrx_word' id='word_1_29' title='bbox 327 487 577 544; x_wconf 86' lang='lat' dir='ltr'>miliares</span> <span class='ocrx_word' id='word_1_30' title='bbox 611 486 719 545; x_wconf 87' lang='lat' dir='ltr'>iter</span> <span class='ocrx_word' id='word_1_31' title='bbox 751 505 866 547; x_wconf 87' lang='lat' dir='ltr'>una</span> <span class='ocrx_word' id='word_1_32' title='bbox 897 486 1154 545; x_wconf 86' lang='lat' dir='ltr'>facerent</span> <span class='ocrx_word' id='word_1_33' title='bbox 1186 493 1246 543; x_wconf 92' lang='lat' dir='ltr'>et</span> <span class='ocrx_word' id='word_1_34' title='bbox 1280 486 1571 563; x_wconf 83' lang='lat' dir='ltr'>Megaram</span> <span class='ocrx_word' id='word_1_35' title='bbox 1605 487 1911 559; x_wconf 85' lang='lat' dir='ltr'>venissent,</span> <span class='ocrx_word' id='word_1_36' title='bbox 1942 486 2019 544; x_wconf 91' lang='lat' dir='ltr'>al-</span> 
     </span>
     <span class='ocr_line' id='line_1_6' title="bbox 327 566 2013 645; baseline 0 -20"><span class='ocrx_word' id='word_1_37' title='bbox 327 574 513 625; x_wconf 91' lang='lat' dir='ltr'>terum</span> <span class='ocrx_word' id='word_1_38' title='bbox 544 566 618 623; x_wconf 87' lang='lat' dir='ltr'>ad</span> <span class='ocrx_word' id='word_1_39' title='bbox 647 585 966 645; x_wconf 82' lang='lat' dir='ltr'>cauponem</span> <span class='ocrx_word' id='word_1_40' title='bbox 995 566 1321 637; x_wconf 86' lang='lat' dir='ltr'>devertisse,</span> <span class='ocrx_word' id='word_1_41' title='bbox 1344 566 1419 623; x_wconf 93' lang='lat' dir='ltr'>ad</span> <span class='ocrx_word' id='word_1_42' title='bbox 1440 566 1731 643; x_wconf 77' lang='lat' dir='ltr'><strong>hospitem</strong></span> <span class='ocrx_word' id='word_1_43' title='bbox 1754 566 2013 625; x_wconf 86' lang='lat' dir='ltr'>alterum.</span> 
     </span>
     <span class='ocr_line' id='line_1_7' title="bbox 329 645 2017 724; baseline 0.001 -20"><span class='ocrx_word' id='word_1_44' title='bbox 329 646 443 715; x_wconf 84' lang='lat' dir='ltr'>Qui</span> <span class='ocrx_word' id='word_1_45' title='bbox 472 654 537 704; x_wconf 88' lang='lat' dir='ltr'>ut</span> <span class='ocrx_word' id='word_1_46' title='bbox 565 646 751 704; x_wconf 87' lang='lat' dir='ltr'>cenati</span> <span class='ocrx_word' id='word_1_47' title='bbox 780 646 1150 724; x_wconf 77' lang='lat' dir='ltr'>quiescerent,</span> <span class='ocrx_word' id='word_1_48' title='bbox 1175 645 1455 705; x_wconf 80' lang='lat' dir='ltr'>concubia</span> <span class='ocrx_word' id='word_1_49' title='bbox 1481 652 1651 705; x_wconf 86' lang='lat' dir='ltr'>nocte</span> <span class='ocrx_word' id='word_1_50' title='bbox 1679 646 1863 705; x_wconf 88' lang='lat' dir='ltr'>visum</span> <span class='ocrx_word' id='word_1_51' title='bbox 1894 666 2017 705; x_wconf 84' lang='lat' dir='ltr'>esse</span> 
     </span>
     <span class='ocr_line' id='line_1_8' title="bbox 328 726 2020 803; baseline 0.001 -20"><span class='ocrx_word' id='word_1_52' title='bbox 328 727 388 784; x_wconf 87' lang='lat' dir='ltr'>in</span> <span class='ocrx_word' id='word_1_53' title='bbox 423 726 640 784; x_wconf 86' lang='lat' dir='ltr'>somnis</span> <span class='ocrx_word' id='word_1_54' title='bbox 673 726 744 797; x_wconf 92' lang='lat' dir='ltr'>ei,</span> <span class='ocrx_word' id='word_1_55' title='bbox 770 726 867 803; x_wconf 91' lang='lat' dir='ltr'>qui</span> <span class='ocrx_word' id='word_1_56' title='bbox 897 734 1018 784; x_wconf 89' lang='lat' dir='ltr'>erat</span> <span class='ocrx_word' id='word_1_57' title='bbox 1045 726 1106 783; x_wconf 88' lang='lat' dir='ltr'>in</span> <span class='ocrx_word' id='word_1_58' title='bbox 1136 726 1406 803; x_wconf 89' lang='lat' dir='ltr'>hospitio,</span> <span class='ocrx_word' id='word_1_59' title='bbox 1430 726 1592 783; x_wconf 88' lang='lat' dir='ltr'>illum</span> <span class='ocrx_word' id='word_1_60' title='bbox 1621 726 1864 783; x_wconf 84' lang='lat' dir='ltr'>alterum</span> <span class='ocrx_word' id='word_1_61' title='bbox 1898 746 2020 785; x_wconf 87' lang='lat' dir='ltr'>ora-</span> 
     </span>
     <span class='ocr_line' id='line_1_9' title="bbox 327 806 2019 884; baseline 0.001 -20"><span class='ocrx_word' id='word_1_62' title='bbox 327 826 390 864; x_wconf 87' lang='lat' dir='ltr'>re</span> <span class='ocrx_word' id='word_1_63' title='bbox 421 813 490 864; x_wconf 88' lang='lat' dir='ltr'>ut</span> <span class='ocrx_word' id='word_1_64' title='bbox 521 806 864 878; x_wconf 88' lang='lat' dir='ltr'>subveniret,</span> <span class='ocrx_word' id='word_1_65' title='bbox 893 806 1051 883; x_wconf 92' lang='lat' dir='ltr'>quod</span> <span class='ocrx_word' id='word_1_66' title='bbox 1079 806 1193 863; x_wconf 88' lang='lat' dir='ltr'>sibi</span> <span class='ocrx_word' id='word_1_67' title='bbox 1218 826 1253 864; x_wconf 92' lang='lat' dir='ltr'>a</span> <span class='ocrx_word' id='word_1_68' title='bbox 1278 825 1537 884; x_wconf 85' lang='lat' dir='ltr'>caupone</span> <span class='ocrx_word' id='word_1_69' title='bbox 1565 806 1831 864; x_wconf 80' lang='lat' dir='ltr'>interitus</span> <span class='ocrx_word' id='word_1_70' title='bbox 1859 824 2019 883; x_wconf 84' lang='lat' dir='ltr'>para-</span> 
     </span>
     <span class='ocr_line' id='line_1_10' title="bbox 328 885 2014 963; baseline 0.001 -20"><span class='ocrx_word' id='word_1_71' title='bbox 328 893 516 945; x_wconf 82' lang='lat' dir='ltr'>retur:</span> <span class='ocrx_word' id='word_1_72' title='bbox 567 905 700 945; x_wconf 88' lang='lat' dir='ltr'>eum</span> <span class='ocrx_word' id='word_1_73' title='bbox 744 886 933 963; x_wconf 90' lang='lat' dir='ltr'>primo</span> <span class='ocrx_word' id='word_1_74' title='bbox 981 886 1349 963; x_wconf 81' lang='lat' dir='ltr'>perterritum</span> <span class='ocrx_word' id='word_1_75' title='bbox 1398 885 1624 944; x_wconf 90' lang='lat' dir='ltr'>somnio</span> <span class='ocrx_word' id='word_1_76' title='bbox 1674 886 2014 945; x_wconf 79' lang='lat' dir='ltr'>surrexisse:</span> 
     </span>
     <span class='ocr_line' id='line_1_11' title="bbox 329 965 2018 1044; baseline 0.001 -20"><span class='ocrx_word' id='word_1_77' title='bbox 329 966 464 1024; x_wconf 87' lang='lat' dir='ltr'>dein</span> <span class='ocrx_word' id='word_1_78' title='bbox 505 985 637 1025; x_wconf 90' lang='lat' dir='ltr'>cum</span> <span class='ocrx_word' id='word_1_79' title='bbox 679 986 740 1024; x_wconf 88' lang='lat' dir='ltr'>se</span> <span class='ocrx_word' id='word_1_80' title='bbox 780 965 1103 1043; x_wconf 72' lang='lat' dir='ltr'>collegisset</span> <span class='ocrx_word' id='word_1_81' title='bbox 1136 966 1309 1044; x_wconf 88' lang='lat' dir='ltr'>idque</span> <span class='ocrx_word' id='word_1_82' title='bbox 1342 966 1530 1024; x_wconf 83' lang='lat' dir='ltr'>visum</span> <span class='ocrx_word' id='word_1_83' title='bbox 1563 985 1671 1043; x_wconf 90' lang='lat' dir='ltr'>pro</span> <span class='ocrx_word' id='word_1_84' title='bbox 1703 965 1887 1025; x_wconf 88' lang='lat' dir='ltr'>nihilo</span> <span class='ocrx_word' id='word_1_85' title='bbox 1920 966 2018 1025; x_wconf 80' lang='lat' dir='ltr'>ha—</span> 
     </span>
     <span class='ocr_line' id='line_1_12' title="bbox 328 1045 2016 1117; baseline 0 -13"><span class='ocrx_word' id='word_1_86' title='bbox 328 1045 580 1105; x_wconf 88' lang='lat' dir='ltr'>bendum</span> <span class='ocrx_word' id='word_1_87' title='bbox 615 1065 736 1104; x_wconf 88' lang='lat' dir='ltr'>esse</span> <span class='ocrx_word' id='word_1_88' title='bbox 770 1046 1040 1117; x_wconf 83' lang='lat' dir='ltr'>duxisset,</span> <span class='ocrx_word' id='word_1_89' title='bbox 1062 1045 1421 1105; x_wconf 87' lang='lat' dir='ltr'>recubuisse:</span> <span class='ocrx_word' id='word_1_90' title='bbox 1464 1053 1589 1105; x_wconf 89' lang='lat' dir='ltr'>tum</span> <span class='ocrx_word' id='word_1_91' title='bbox 1620 1046 1674 1104; x_wconf 94' lang='lat' dir='ltr'>ei</span> <span class='ocrx_word' id='word_1_92' title='bbox 1703 1046 2016 1105; x_wconf 75' lang='lat' dir='ltr'>dormienti</span> 
     </span>
     <span class='ocr_line' id='line_1_13' title="bbox 327 1125 2015 1203; baseline 0.001 -19"><span class='ocrx_word' id='word_1_93' title='bbox 327 1125 595 1185; x_wconf 86' lang='lat' dir='ltr'>eumdem</span> <span class='ocrx_word' id='word_1_94' title='bbox 636 1125 800 1183; x_wconf 90' lang='lat' dir='ltr'>illum</span> <span class='ocrx_word' id='word_1_95' title='bbox 842 1126 1026 1184; x_wconf 88' lang='lat' dir='ltr'>visum</span> <span class='ocrx_word' id='word_1_96' title='bbox 1070 1146 1193 1183; x_wconf 88' lang='lat' dir='ltr'>esse</span> <span class='ocrx_word' id='word_1_97' title='bbox 1233 1145 1451 1203; x_wconf 85' lang='lat' dir='ltr'>rogare,</span> <span class='ocrx_word' id='word_1_98' title='bbox 1480 1133 1565 1198; x_wconf 84' lang='lat' dir='ltr'>ut,</span> <span class='ocrx_word' id='word_1_99' title='bbox 1597 1127 1869 1203; x_wconf 89' lang='lat' dir='ltr'>quoniam</span> <span class='ocrx_word' id='word_1_100' title='bbox 1904 1126 2015 1185; x_wconf 89' lang='lat' dir='ltr'>sibi</span> 
     </span>
     <span class='ocr_line' id='line_1_14' title="bbox 327 1205 2015 1277; baseline 0 -13"><span class='ocrx_word' id='word_1_101' title='bbox 327 1206 460 1264; x_wconf 83' lang='lat' dir='ltr'>vivo</span> <span class='ocrx_word' id='word_1_102' title='bbox 493 1226 610 1264; x_wconf 90' lang='lat' dir='ltr'>non</span> <span class='ocrx_word' id='word_1_103' title='bbox 645 1205 1016 1277; x_wconf 86' lang='lat' dir='ltr'>subvenisset,</span> <span class='ocrx_word' id='word_1_104' title='bbox 1040 1212 1288 1264; x_wconf 87' lang='lat' dir='ltr'>mortem</span> <span class='ocrx_word' id='word_1_105' title='bbox 1322 1225 1484 1265; x_wconf 88' lang='lat' dir='ltr'>suam</span> <span class='ocrx_word' id='word_1_106' title='bbox 1513 1226 1585 1264; x_wconf 88' lang='lat' dir='ltr'>ne</span> <span class='ocrx_word' id='word_1_107' title='bbox 1612 1206 1858 1265; x_wconf 88' lang='lat' dir='ltr'>inultam</span> <span class='ocrx_word' id='word_1_108' title='bbox 1892 1225 2015 1264; x_wconf 85' lang='lat' dir='ltr'>esse</span> 
     </span>
     <span class='ocr_line' id='line_1_15' title="bbox 326 1286 2016 1364; baseline 0 -19"><span class='ocrx_word' id='word_1_109' title='bbox 326 1294 632 1363; x_wconf 88' lang='lat' dir='ltr'>pateretur,</span> <span class='ocrx_word' id='word_1_110' title='bbox 653 1306 712 1344; x_wconf 89' lang='lat' dir='ltr'>se</span> <span class='ocrx_word' id='word_1_111' title='bbox 733 1286 1103 1344; x_wconf 82' lang='lat' dir='ltr'>interfectum</span> <span class='ocrx_word' id='word_1_112' title='bbox 1125 1286 1186 1343; x_wconf 89' lang='lat' dir='ltr'>in</span> <span class='ocrx_word' id='word_1_113' title='bbox 1207 1286 1525 1364; x_wconf 87' lang='lat' dir='ltr'>plaustrum</span> <span class='ocrx_word' id='word_1_114' title='bbox 1554 1306 1589 1344; x_wconf 88' lang='lat' dir='ltr'>a</span> <span class='ocrx_word' id='word_1_115' title='bbox 1614 1306 1873 1364; x_wconf 86' lang='lat' dir='ltr'>caupone</span> <span class='ocrx_word' id='word_1_116' title='bbox 1893 1305 2016 1345; x_wconf 88' lang='lat' dir='ltr'>esse</span> 
     </span>
     <span class='ocr_line' id='line_1_16' title="bbox 327 1366 2015 1445; baseline 0.001 -21"><span class='ocrx_word' id='word_1_117' title='bbox 327 1366 652 1425; x_wconf 87' lang='lat' dir='ltr'>coniectum</span> <span class='ocrx_word' id='word_1_118' title='bbox 681 1373 740 1424; x_wconf 90' lang='lat' dir='ltr'>et</span> <span class='ocrx_word' id='word_1_119' title='bbox 767 1384 940 1443; x_wconf 84' lang='lat' dir='ltr'>supra</span> <span class='ocrx_word' id='word_1_120' title='bbox 971 1373 1187 1425; x_wconf 88' lang='lat' dir='ltr'>stercus</span> <span class='ocrx_word' id='word_1_121' title='bbox 1214 1366 1507 1438; x_wconf 91' lang='lat' dir='ltr'>iniectum,</span> <span class='ocrx_word' id='word_1_122' title='bbox 1531 1374 1725 1445; x_wconf 87' lang='lat' dir='ltr'>petere</span> <span class='ocrx_word' id='word_1_123' title='bbox 1754 1374 1820 1425; x_wconf 90' lang='lat' dir='ltr'>ut</span> <span class='ocrx_word' id='word_1_124' title='bbox 1846 1386 2015 1425; x_wconf 89' lang='lat' dir='ltr'>mane</span> 
     </span>
     <span class='ocr_line' id='line_1_17' title="bbox 323 1446 2015 1524; baseline 0.002 -20"><span class='ocrx_word' id='word_1_125' title='bbox 323 1446 402 1504; x_wconf 89' lang='lat' dir='ltr'>ad</span> <span class='ocrx_word' id='word_1_126' title='bbox 426 1453 654 1523; x_wconf 89' lang='lat' dir='ltr'>portam</span> <span class='ocrx_word' id='word_1_127' title='bbox 689 1446 928 1517; x_wconf 82' lang='lat' dir='ltr'>adesset,</span> <span class='ocrx_word' id='word_1_128' title='bbox 953 1446 1114 1524; x_wconf 88' lang='lat' dir='ltr'>prius</span> <span class='ocrx_word' id='word_1_129' title='bbox 1148 1465 1320 1524; x_wconf 88' lang='lat' dir='ltr'>quam</span> <span class='ocrx_word' id='word_1_130' title='bbox 1348 1446 1667 1524; x_wconf 86' lang='lat' dir='ltr'>plaustrum</span> <span class='ocrx_word' id='word_1_131' title='bbox 1696 1465 1767 1503; x_wconf 84' lang='lat' dir='ltr'>ex</span> <span class='ocrx_word' id='word_1_132' title='bbox 1794 1446 2015 1524; x_wconf 86' lang='lat' dir='ltr'>oppido</span> 
     </span>
     <span class='ocr_line' id='line_1_18' title="bbox 327 1526 2017 1585; baseline 0 0"><span class='ocrx_word' id='word_1_133' title='bbox 327 1526 520 1585; x_wconf 87' lang='lat' dir='ltr'>exiret.</span> <span class='ocrx_word' id='word_1_134' title='bbox 601 1526 732 1585; x_wconf 90' lang='lat' dir='ltr'>Hoc</span> <span class='ocrx_word' id='word_1_135' title='bbox 758 1545 893 1584; x_wconf 86' lang='lat' dir='ltr'>vero</span> <span class='ocrx_word' id='word_1_136' title='bbox 921 1544 1054 1585; x_wconf 93' lang='lat' dir='ltr'>cum</span> <span class='ocrx_word' id='word_1_137' title='bbox 1089 1527 1317 1585; x_wconf 89' lang='lat' dir='ltr'>somnio</span> <span class='ocrx_word' id='word_1_138' title='bbox 1346 1534 1704 1585; x_wconf 85' lang='lat' dir='ltr'>commotum</span> <span class='ocrx_word' id='word_1_139' title='bbox 1724 1546 1893 1585; x_wconf 88' lang='lat' dir='ltr'>mane</span> <span class='ocrx_word' id='word_1_140' title='bbox 1914 1526 2017 1585; x_wconf 90' lang='lat' dir='ltr'>bu-</span> 
     </span>
     <span class='ocr_line' id='line_1_19' title="bbox 325 1606 2016 1686; baseline 0 -22"><span class='ocrx_word' id='word_1_141' title='bbox 325 1606 496 1677; x_wconf 88' lang='lat' dir='ltr'>bulco</span> <span class='ocrx_word' id='word_1_142' title='bbox 525 1613 753 1686; x_wconf 86' lang='lat' dir='ltr'>praesto</span> <span class='ocrx_word' id='word_1_143' title='bbox 781 1606 857 1665; x_wconf 91' lang='lat' dir='ltr'>ad</span> <span class='ocrx_word' id='word_1_144' title='bbox 883 1612 1115 1684; x_wconf 87' lang='lat' dir='ltr'>portam</span> <span class='ocrx_word' id='word_1_145' title='bbox 1141 1607 1339 1678; x_wconf 86' lang='lat' dir='ltr'>fuisse,</span> <span class='ocrx_word' id='word_1_146' title='bbox 1362 1607 1647 1685; x_wconf 86' lang='lat' dir='ltr'>quaesisse</span> <span class='ocrx_word' id='word_1_147' title='bbox 1676 1626 1747 1664; x_wconf 85' lang='lat' dir='ltr'>ex</span> <span class='ocrx_word' id='word_1_148' title='bbox 1774 1626 1844 1664; x_wconf 91' lang='lat' dir='ltr'>eo</span> <span class='ocrx_word' id='word_1_149' title='bbox 1874 1606 2016 1684; x_wconf 89' lang='lat' dir='ltr'>quid</span> 
     </span>
     <span class='ocr_line' id='line_1_20' title="bbox 326 1686 2017 1765; baseline 0.001 -21"><span class='ocrx_word' id='word_1_150' title='bbox 326 1692 474 1745; x_wconf 80' lang='lat' dir='ltr'>esset</span> <span class='ocrx_word' id='word_1_151' title='bbox 508 1686 569 1744; x_wconf 91' lang='lat' dir='ltr'>in</span> <span class='ocrx_word' id='word_1_152' title='bbox 601 1686 892 1764; x_wconf 86' lang='lat' dir='ltr'>plaustro:</span> <span class='ocrx_word' id='word_1_153' title='bbox 935 1686 1099 1745; x_wconf 89' lang='lat' dir='ltr'>illum</span> <span class='ocrx_word' id='word_1_154' title='bbox 1135 1687 1500 1764; x_wconf 87' lang='lat' dir='ltr'>perterritum</span> <span class='ocrx_word' id='word_1_155' title='bbox 1533 1687 1770 1765; x_wconf 85' lang='lat' dir='ltr'>fugisse,</span> <span class='ocrx_word' id='word_1_156' title='bbox 1800 1693 2017 1747; x_wconf 87' lang='lat' dir='ltr'>mortu-</span> 
     </span>
     <span class='ocr_line' id='line_1_21' title="bbox 325 1767 2017 1846; baseline 0 -20"><span class='ocrx_word' id='word_1_157' title='bbox 325 1787 428 1826; x_wconf 86' lang='lat' dir='ltr'>um</span> <span class='ocrx_word' id='word_1_158' title='bbox 467 1775 696 1826; x_wconf 87' lang='lat' dir='ltr'>erutum</span> <span class='ocrx_word' id='word_1_159' title='bbox 737 1786 876 1841; x_wconf 88' lang='lat' dir='ltr'>esse,</span> <span class='ocrx_word' id='word_1_160' title='bbox 905 1787 1224 1846; x_wconf 82' lang='lat' dir='ltr'>cauponem</span> <span class='ocrx_word' id='word_1_161' title='bbox 1259 1787 1321 1828; x_wconf 89' lang='lat' dir='ltr'>re</span> <span class='ocrx_word' id='word_1_162' title='bbox 1352 1767 1643 1846; x_wconf 86' lang='lat' dir='ltr'>patefacta</span> <span class='ocrx_word' id='word_1_163' title='bbox 1674 1786 1890 1845; x_wconf 86' lang='lat' dir='ltr'>poenas</span> <span class='ocrx_word' id='word_1_164' title='bbox 1921 1767 2017 1826; x_wconf 91' lang='lat' dir='ltr'>de-</span> 
     </span>
     <span class='ocr_line' id='line_1_22' title="bbox 325 1848 494 1906; baseline 0 0"><span class='ocrx_word' id='word_1_165' title='bbox 325 1848 494 1906; x_wconf 88' lang='lat' dir='ltr'>disse.</span> 
     </span>
    </p>

    <p class='ocr_par' dir='ltr' id='par_1_3' title="bbox 326 1925 2018 3283">
     <span class='ocr_line' id='line_1_23' title="bbox 409 1925 2018 2006; baseline 0 -22"><span class='ocrx_word' id='word_1_166' title='bbox 409 1925 701 1985; x_wconf 91' lang='lat' dir='ltr'>XXVIII.</span> <span class='ocrx_word' id='word_1_167' title='bbox 789 1932 882 1985; x_wconf 88' lang='grc'>58.</span> <span class='ocrx_word' id='word_1_168' title='bbox 926 1926 1082 1996; x_wconf 82' lang='lat' dir='ltr'>Quid</span> <span class='ocrx_word' id='word_1_169' title='bbox 1108 1926 1222 1986; x_wconf 90' lang='lat' dir='ltr'>hoc</span> <span class='ocrx_word' id='word_1_170' title='bbox 1254 1927 1481 1986; x_wconf 85' lang='lat' dir='ltr'>somnio</span> <span class='ocrx_word' id='word_1_171' title='bbox 1509 1926 1626 1985; x_wconf 92' lang='lat' dir='ltr'>dici</span> <span class='ocrx_word' id='word_1_172' title='bbox 1654 1933 1848 2006; x_wconf 85' lang='lat' dir='ltr'>potest</span> <span class='ocrx_word' id='word_1_173' title='bbox 1876 1925 2018 1985; x_wconf 87' lang='lat' dir='ltr'>divi-</span> 
     </span>
     <span class='ocr_line' id='line_1_24' title="bbox 326 2005 2017 2085; baseline 0.001 -21"><span class='ocrx_word' id='word_1_174' title='bbox 326 2007 496 2066; x_wconf 68' lang='lat' dir='ltr'>nius?</span> <span class='ocrx_word' id='word_1_175' title='bbox 578 2005 694 2064; x_wconf 88' lang='lat' dir='ltr'>Sed</span> <span class='ocrx_word' id='word_1_176' title='bbox 741 2007 883 2084; x_wconf 90' lang='lat' dir='ltr'>quid</span> <span class='ocrx_word' id='word_1_177' title='bbox 924 2013 1026 2066; x_wconf 90' lang='lat' dir='ltr'>aut</span> <span class='ocrx_word' id='word_1_178' title='bbox 1067 2007 1235 2084; x_wconf 89' lang='lat' dir='ltr'>plura</span> <span class='ocrx_word' id='word_1_179' title='bbox 1275 2014 1378 2065; x_wconf 89' lang='lat' dir='ltr'>aut</span> <span class='ocrx_word' id='word_1_180' title='bbox 1420 2014 1612 2065; x_wconf 88' lang='lat' dir='ltr'>vetera</span> <span class='ocrx_word' id='word_1_181' title='bbox 1656 2008 2017 2085; x_wconf 70' lang='lat' dir='ltr'>quaerimus?</span> 
     </span>
     <span class='ocr_line' id='line_1_25' title="bbox 329 2085 2015 2164; baseline 0 -20"><span class='ocrx_word' id='word_1_182' title='bbox 329 2087 512 2164; x_wconf 83' lang='lat' dir='ltr'>Saepe</span> <span class='ocrx_word' id='word_1_183' title='bbox 553 2085 661 2144; x_wconf 91' lang='lat' dir='ltr'>tibi</span> <span class='ocrx_word' id='word_1_184' title='bbox 702 2106 894 2144; x_wconf 90' lang='lat' dir='ltr'>meum</span> <span class='ocrx_word' id='word_1_185' title='bbox 936 2087 1176 2158; x_wconf 85' lang='lat' dir='ltr'>narravi,</span> <span class='ocrx_word' id='word_1_186' title='bbox 1209 2105 1379 2164; x_wconf 89' lang='lat' dir='ltr'>saepe</span> <span class='ocrx_word' id='word_1_187' title='bbox 1420 2106 1488 2144; x_wconf 86' lang='lat' dir='ltr'>ex</span> <span class='ocrx_word' id='word_1_188' title='bbox 1521 2095 1581 2145; x_wconf 82' lang='lat' dir='ltr'>te</span> <span class='ocrx_word' id='word_1_189' title='bbox 1621 2087 1815 2146; x_wconf 89' lang='lat' dir='ltr'>audivi</span> <span class='ocrx_word' id='word_1_190' title='bbox 1834 2095 2015 2148; x_wconf 79' lang='lat' dir='ltr'>,tuum</span> 
     </span>
     <span class='ocr_line' id='line_1_26' title="bbox 330 2166 2018 2245; baseline 0 -21"><span class='ocrx_word' id='word_1_191' title='bbox 330 2166 651 2224; x_wconf 87' lang='lat' dir='ltr'>somnium:</span> <span class='ocrx_word' id='word_1_192' title='bbox 695 2185 803 2238; x_wconf 87' lang='lat' dir='ltr'>me,</span> <span class='ocrx_word' id='word_1_193' title='bbox 839 2186 974 2225; x_wconf 90' lang='lat' dir='ltr'>cum</span> <span class='ocrx_word' id='word_1_194' title='bbox 1004 2167 1181 2226; x_wconf 87' lang='lat' dir='ltr'>Asiae</span> <span class='ocrx_word' id='word_1_195' title='bbox 1213 2166 1540 2244; x_wconf 84' lang='lat' dir='ltr'>provinciae</span> <span class='ocrx_word' id='word_1_196' title='bbox 1572 2187 1909 2245; x_wconf 87' lang='lat' dir='ltr'>praeessem,</span> <span class='ocrx_word' id='word_1_197' title='bbox 1937 2168 2018 2225; x_wconf 88' lang='lat' dir='ltr'>vi-</span> 
     </span>
     <span class='ocr_line' id='line_1_27' title="bbox 328 2245 2014 2325; baseline 0.001 -21"><span class='ocrx_word' id='word_1_198' title='bbox 328 2247 481 2305; x_wconf 88' lang='lat' dir='ltr'>disse</span> <span class='ocrx_word' id='word_1_199' title='bbox 512 2245 574 2303; x_wconf 91' lang='lat' dir='ltr'>in</span> <span class='ocrx_word' id='word_1_200' title='bbox 609 2247 816 2323; x_wconf 88' lang='lat' dir='ltr'>quiete,</span> <span class='ocrx_word' id='word_1_201' title='bbox 847 2266 978 2304; x_wconf 88' lang='lat' dir='ltr'>cum</span> <span class='ocrx_word' id='word_1_202' title='bbox 1013 2254 1079 2306; x_wconf 90' lang='lat' dir='ltr'>tu</span> <span class='ocrx_word' id='word_1_203' title='bbox 1112 2266 1263 2325; x_wconf 89' lang='lat' dir='ltr'>equo</span> <span class='ocrx_word' id='word_1_204' title='bbox 1297 2247 1567 2306; x_wconf 85' lang='lat' dir='ltr'>advectus</span> <span class='ocrx_word' id='word_1_205' title='bbox 1609 2249 1683 2308; x_wconf 86' lang='lat' dir='ltr'>ad</span> <span class='ocrx_word' id='word_1_206' title='bbox 1726 2248 2014 2325; x_wconf 84' lang='lat' dir='ltr'>quandam</span> 
     </span>
     <span class='ocr_line' id='line_1_28' title="bbox 327 2324 2017 2406; baseline 0.001 -21"><span class='ocrx_word' id='word_1_207' title='bbox 327 2327 524 2404; x_wconf 86' lang='lat' dir='ltr'>magni</span> <span class='ocrx_word' id='word_1_208' title='bbox 553 2324 810 2384; x_wconf 87' lang='lat' dir='ltr'>fluminis</span> <span class='ocrx_word' id='word_1_209' title='bbox 837 2327 1040 2404; x_wconf 89' lang='lat' dir='ltr'>ripam,</span> <span class='ocrx_word' id='word_1_210' title='bbox 1063 2334 1367 2404; x_wconf 87' lang='lat' dir='ltr'>provectus</span> <span class='ocrx_word' id='word_1_211' title='bbox 1400 2327 1593 2386; x_wconf 90' lang='lat' dir='ltr'>subito</span> <span class='ocrx_word' id='word_1_212' title='bbox 1626 2335 1799 2406; x_wconf 91' lang='lat' dir='ltr'>atque</span> <span class='ocrx_word' id='word_1_213' title='bbox 1826 2327 2017 2405; x_wconf 85' lang='lat' dir='ltr'>delap-</span> 
     </span>
     <span class='ocr_line' id='line_1_29' title="bbox 328 2405 2016 2485; baseline -0.001 -19"><span class='ocrx_word' id='word_1_214' title='bbox 328 2427 424 2466; x_wconf 86' lang='lat' dir='ltr'>sus</span> <span class='ocrx_word' id='word_1_215' title='bbox 455 2407 516 2464; x_wconf 92' lang='lat' dir='ltr'>in</span> <span class='ocrx_word' id='word_1_216' title='bbox 549 2405 780 2478; x_wconf 86' lang='lat' dir='ltr'>flumen,</span> <span class='ocrx_word' id='word_1_217' title='bbox 805 2425 1086 2484; x_wconf 88' lang='lat' dir='ltr'>nusquam</span> <span class='ocrx_word' id='word_1_218' title='bbox 1123 2408 1495 2485; x_wconf 87' lang='lat' dir='ltr'>apparuisses,</span> <span class='ocrx_word' id='word_1_219' title='bbox 1519 2427 1613 2466; x_wconf 89' lang='lat' dir='ltr'>me</span> <span class='ocrx_word' id='word_1_220' title='bbox 1646 2408 2016 2466; x_wconf 88' lang='lat' dir='ltr'>contremuis-</span> 
     </span>
     <span class='ocr_line' id='line_1_30' title="bbox 327 2486 2016 2565; baseline -0.001 -19"><span class='ocrx_word' id='word_1_221' title='bbox 327 2507 390 2546; x_wconf 87' lang='lat' dir='ltr'>se</span> <span class='ocrx_word' id='word_1_222' title='bbox 419 2487 629 2546; x_wconf 90' lang='lat' dir='ltr'>timore</span> <span class='ocrx_word' id='word_1_223' title='bbox 655 2486 1055 2564; x_wconf 84' lang='lat' dir='ltr'>perterritum:</span> <span class='ocrx_word' id='word_1_224' title='bbox 1097 2493 1226 2545; x_wconf 88' lang='lat' dir='ltr'>tum</span> <span class='ocrx_word' id='word_1_225' title='bbox 1254 2494 1313 2545; x_wconf 88' lang='lat' dir='ltr'>te</span> <span class='ocrx_word' id='word_1_226' title='bbox 1340 2495 1575 2565; x_wconf 88' lang='lat' dir='ltr'>repente</span> <span class='ocrx_word' id='word_1_227' title='bbox 1600 2488 1816 2546; x_wconf 86' lang='lat' dir='ltr'>laetum</span> <span class='ocrx_word' id='word_1_228' title='bbox 1849 2487 2016 2545; x_wconf 85' lang='lat' dir='ltr'>exsti-</span> 
     </span>
     <span class='ocr_line' id='line_1_31' title="bbox 326 2565 2017 2645; baseline -0.002 -19"><span class='ocrx_word' id='word_1_229' title='bbox 326 2567 463 2626; x_wconf 87' lang='lat' dir='ltr'>tisse</span> <span class='ocrx_word' id='word_1_230' title='bbox 490 2565 810 2644; x_wconf 87' lang='lat' dir='ltr'>eodemque</span> <span class='ocrx_word' id='word_1_231' title='bbox 837 2585 988 2645; x_wconf 89' lang='lat' dir='ltr'>equo</span> <span class='ocrx_word' id='word_1_232' title='bbox 1015 2566 1310 2625; x_wconf 88' lang='lat' dir='ltr'>adversam</span> <span class='ocrx_word' id='word_1_233' title='bbox 1338 2568 1657 2626; x_wconf 83' lang='lat' dir='ltr'>ascendisse</span> <span class='ocrx_word' id='word_1_234' title='bbox 1682 2568 1869 2644; x_wconf 91' lang='lat' dir='ltr'>ripam</span> <span class='ocrx_word' id='word_1_235' title='bbox 1889 2586 2017 2623; x_wconf 87' lang='lat' dir='ltr'>nos-</span> 
     </span>
     <span class='ocr_line' id='line_1_32' title="bbox 329 2646 2017 2725; baseline 0 -21"><span class='ocrx_word' id='word_1_236' title='bbox 329 2665 442 2724; x_wconf 87' lang='lat' dir='ltr'>que</span> <span class='ocrx_word' id='word_1_237' title='bbox 488 2646 639 2705; x_wconf 90' lang='lat' dir='ltr'>inter</span> <span class='ocrx_word' id='word_1_238' title='bbox 686 2666 794 2704; x_wconf 88' lang='lat' dir='ltr'>nos</span> <span class='ocrx_word' id='word_1_239' title='bbox 839 2665 962 2705; x_wconf 86' lang='lat' dir='ltr'>esse</span> <span class='ocrx_word' id='word_1_240' title='bbox 1007 2647 1358 2725; x_wconf 75' lang='lat' dir='ltr'>complexos·</span> <span class='ocrx_word' id='word_1_241' title='bbox 1440 2647 1663 2706; x_wconf 80' lang='lat' dir='ltr'>Facilis‘</span> <span class='ocrx_word' id='word_1_242' title='bbox 1691 2648 2017 2704; x_wconf 87' lang='lat' dir='ltr'>coniectura</span> 
     </span>
     <span class='ocr_line' id='line_1_33' title="bbox 327 2726 2010 2805; baseline 0 -22"><span class='ocrx_word' id='word_1_243' title='bbox 327 2726 501 2785; x_wconf 90' lang='lat' dir='ltr'>huius</span> <span class='ocrx_word' id='word_1_244' title='bbox 541 2726 767 2798; x_wconf 86' lang='lat' dir='ltr'>somnii,</span> <span class='ocrx_word' id='word_1_245' title='bbox 799 2726 1058 2804; x_wconf 89' lang='lat' dir='ltr'>mihique</span> <span class='ocrx_word' id='word_1_246' title='bbox 1091 2746 1127 2784; x_wconf 88' lang='lat' dir='ltr'>a</span> <span class='ocrx_word' id='word_1_247' title='bbox 1157 2727 1357 2805; x_wconf 86' lang='lat' dir='ltr'>peritis</span> <span class='ocrx_word' id='word_1_248' title='bbox 1388 2727 1451 2785; x_wconf 88' lang='lat' dir='ltr'>in</span> <span class='ocrx_word' id='word_1_249' title='bbox 1484 2726 1628 2784; x_wconf 89' lang='lat' dir='ltr'>Asia</span> <span class='ocrx_word' id='word_1_250' title='bbox 1658 2726 2010 2805; x_wconf 86' lang='lat' dir='ltr'>praedictum</span> 
     </span>
     <span class='ocr_line' id='line_1_34' title="bbox 329 2805 2016 2884; baseline -0.001 -19"><span class='ocrx_word' id='word_1_251' title='bbox 329 2813 418 2866; x_wconf 86' lang='lat' dir='ltr'>est</span> <span class='ocrx_word' id='word_1_252' title='bbox 443 2807 570 2864; x_wconf 86' lang='lat' dir='ltr'>fore</span> <span class='ocrx_word' id='word_1_253' title='bbox 597 2825 698 2864; x_wconf 90' lang='lat' dir='ltr'>eos</span> <span class='ocrx_word' id='word_1_254' title='bbox 725 2814 963 2865; x_wconf 86' lang='lat' dir='ltr'>eventus</span> <span class='ocrx_word' id='word_1_255' title='bbox 989 2824 1197 2879; x_wconf 87' lang='lat' dir='ltr'>rerum,</span> <span class='ocrx_word' id='word_1_256' title='bbox 1222 2807 1324 2884; x_wconf 87' lang='lat' dir='ltr'>qui</span> <span class='ocrx_word' id='word_1_257' title='bbox 1345 2807 1687 2866; x_wconf 87' lang='lat' dir='ltr'>acciderunt.</span> <span class='ocrx_word' id='word_1_258' title='bbox 1774 2813 1867 2864; x_wconf 88' lang='lat'>59.</span> <span class='ocrx_word' id='word_1_259' title='bbox 1903 2805 2016 2866; x_wconf 88' lang='lat' dir='ltr'>Ve-</span> 
     </span>
     <span class='ocr_line' id='line_1_35' title="bbox 327 2885 2016 2965; baseline -0.001 -22"><span class='ocrx_word' id='word_1_260' title='bbox 327 2886 429 2943; x_wconf 89' lang='lat' dir='ltr'>nio</span> <span class='ocrx_word' id='word_1_261' title='bbox 462 2905 615 2944; x_wconf 90' lang='lat' dir='ltr'>nunc</span> <span class='ocrx_word' id='word_1_262' title='bbox 648 2885 724 2943; x_wconf 88' lang='lat' dir='ltr'>ad</span> <span class='ocrx_word' id='word_1_263' title='bbox 750 2893 934 2945; x_wconf 89' lang='lat' dir='ltr'>tuum.</span> <span class='ocrx_word' id='word_1_264' title='bbox 1018 2887 1239 2945; x_wconf 87' lang='lat' dir='ltr'>Audivi</span> <span class='ocrx_word' id='word_1_265' title='bbox 1266 2887 1535 2965; x_wconf 92' lang='lat' dir='ltr'>equidem</span> <span class='ocrx_word' id='word_1_266' title='bbox 1562 2906 1633 2944; x_wconf 86' lang='lat' dir='ltr'>ex</span> <span class='ocrx_word' id='word_1_267' title='bbox 1659 2893 1719 2944; x_wconf 87' lang='lat' dir='ltr'>te</span> <span class='ocrx_word' id='word_1_268' title='bbox 1746 2886 1891 2963; x_wconf 79' lang='lat' dir='ltr'>iPSO,</span> <span class='ocrx_word' id='word_1_269' title='bbox 1914 2885 2016 2943; x_wconf 89' lang='lat' dir='ltr'>sed</span> 
     </span>
     <span class='ocr_line' id='line_1_36' title="bbox 328 2964 2017 3042; baseline 0 -20"><span class='ocrx_word' id='word_1_270' title='bbox 328 2965 475 3022; x_wconf 90' lang='lat' dir='ltr'>mihi</span> <span class='ocrx_word' id='word_1_271' title='bbox 515 2966 743 3042; x_wconf 83' lang='lat' dir='ltr'>saepius</span> <span class='ocrx_word' id='word_1_272' title='bbox 783 2973 978 3025; x_wconf 89' lang='lat' dir='ltr'>noster</span> <span class='ocrx_word' id='word_1_273' title='bbox 1019 2965 1323 3024; x_wconf 88' lang='lat' dir='ltr'>Sallustius</span> <span class='ocrx_word' id='word_1_274' title='bbox 1363 2966 1629 3037; x_wconf 88' lang='lat' dir='ltr'>narravit,</span> <span class='ocrx_word' id='word_1_275' title='bbox 1660 2985 1791 3023; x_wconf 90' lang='lat' dir='ltr'>cum</span> <span class='ocrx_word' id='word_1_276' title='bbox 1824 2965 1887 3022; x_wconf 90' lang='lat' dir='ltr'>in</span> <span class='ocrx_word' id='word_1_277' title='bbox 1918 2964 2017 3023; x_wconf 91' lang='lat' dir='ltr'>illa</span> 
     </span>
     <span class='ocr_line' id='line_1_37' title="bbox 329 3044 2015 3124; baseline 0 -22"><span class='ocrx_word' id='word_1_278' title='bbox 329 3046 472 3122; x_wconf 85' lang='lat' dir='ltr'>fuga</span> <span class='ocrx_word' id='word_1_279' title='bbox 501 3045 672 3104; x_wconf 89' lang='lat' dir='ltr'>nobis</span> <span class='ocrx_word' id='word_1_280' title='bbox 703 3045 970 3124; x_wconf 86' lang='lat' dir='ltr'>gloriosa,</span> <span class='ocrx_word' id='word_1_281' title='bbox 1000 3047 1219 3124; x_wconf 88' lang='lat' dir='ltr'>patriae</span> <span class='ocrx_word' id='word_1_282' title='bbox 1260 3046 1592 3105; x_wconf 88' lang='lat' dir='ltr'>calamitosa</span> <span class='ocrx_word' id='word_1_283' title='bbox 1624 3045 1680 3102; x_wconf 90' lang='lat' dir='ltr'>iu</span> <span class='ocrx_word' id='word_1_284' title='bbox 1716 3044 1853 3102; x_wconf 87' lang='lat' dir='ltr'>villa</span> <span class='ocrx_word' id='word_1_285' title='bbox 1882 3063 2015 3122; x_wconf 90' lang='lat' dir='ltr'>qua-</span> 
     </span>
     <span class='ocr_line' id='line_1_38' title="bbox 328 3125 2016 3203; baseline -0.001 -19"><span class='ocrx_word' id='word_1_286' title='bbox 328 3125 464 3184; x_wconf 85' lang='lat' dir='ltr'>dam</span> <span class='ocrx_word' id='word_1_287' title='bbox 512 3126 703 3203; x_wconf 90' lang='lat' dir='ltr'>campi</span> <span class='ocrx_word' id='word_1_288' title='bbox 750 3126 1008 3184; x_wconf 86' lang='lat' dir='ltr'>Atinatis</span> <span class='ocrx_word' id='word_1_289' title='bbox 1055 3145 1315 3184; x_wconf 89' lang='lat' dir='ltr'>maneres</span> <span class='ocrx_word' id='word_1_290' title='bbox 1361 3143 1745 3202; x_wconf 86' lang='lat' dir='ltr'>magnamque</span> <span class='ocrx_word' id='word_1_291' title='bbox 1792 3131 2016 3200; x_wconf 89' lang='lat' dir='ltr'>partem</span> 
     </span>
     <span class='ocr_line' id='line_1_39' title="bbox 328 3205 2015 3283; baseline -0.001 -20"><span class='ocrx_word' id='word_1_292' title='bbox 328 3205 518 3264; x_wconf 86' lang='lat' dir='ltr'>noctis</span> <span class='ocrx_word' id='word_1_293' title='bbox 559 3206 869 3283; x_wconf 84' lang='lat' dir='ltr'>vigilasses,</span> <span class='ocrx_word' id='word_1_294' title='bbox 898 3205 972 3263; x_wconf 92' lang='lat' dir='ltr'>ad</span> <span class='ocrx_word' id='word_1_295' title='bbox 1005 3205 1191 3263; x_wconf 90' lang='lat' dir='ltr'>lucem</span> <span class='ocrx_word' id='word_1_296' title='bbox 1236 3205 1483 3282; x_wconf 90' lang='lat' dir='ltr'>denique</span> <span class='ocrx_word' id='word_1_297' title='bbox 1524 3211 1645 3263; x_wconf 85' lang='lat' dir='ltr'>arte</span> <span class='ocrx_word' id='word_1_298' title='bbox 1678 3210 1737 3263; x_wconf 93' lang='lat' dir='ltr'>et</span> <span class='ocrx_word' id='word_1_299' title='bbox 1768 3205 2015 3280; x_wconf 85' lang='lat' dir='ltr'>graviter</span> 
     </span>
    </p>
   </div>
   <div class='ocr_carea' id='block_1_3' title="bbox 2091 3417 2193 3496">
    <p class='ocr_par' dir='ltr' id='par_1_4' title="bbox 2091 3417 2193 3496">
     <span class='ocr_line' id='line_1_40' title="bbox 2091 3417 2193 3496; baseline 0 0"><span class='ocrx_word' id='word_1_300' title='bbox 2091 3420 2149 3442; x_wconf 70' lang='lat'><em>⁴</em></span> <span class='ocrx_word' id='word_1_301' title='bbox 2188 3417 2193 3496; x_wconf 63' lang='lat' dir='ltr'>Q</span> 
     </span>
    </p>
   </div>
  </div>
 </body>
</html>
