2199 3546
596 150 736 208 ΜΒ.
765 150 1397 211 1.,0A1›.XV.-xv11.,
1428 150 1457 211 ς
1482 155 1659 202 26-31.
1880 157 1975 204 15⁷

286 248 402 307 Sed
443 248 586 327 quid
625 251 855 308 vetera?
935 250 1012 308 M.
1061 250 1267 308 Crasso
1318 252 1457 328 quid
1503 253 1773 311 acciderit
1822 254 1975 312 vide-

285 349 416 387 mus
457 330 706 387 dirarum
752 330 1193 388 obnuntiatione
1234 331 1508 408 neglecta.
1588 332 1653 388 In
1698 353 1812 410 quo
1854 334 1975 411 Ap-

285 410 433 487 piuS,
465 409 685 487 collega
716 416 866 481 tuus,
897 410 1084 467 bonus
1129 429 1326 487 augur,
1358 419 1424 468 ut
1458 430 1526 469 ex
1560 419 1619 470 te
1653 413 1849 470 audire
1888 434 1975 471 so-

285 490 393 561 160,
425 508 543 547 non
577 490 715 547 satis
747 490 992 547 scienter
1031 490 1219 547 virum
1252 490 1467 549 bonurn
1505 499 1563 549 et
1596 492 1777 549 civem
1820 512 1975 570 egre-

285 570 448 661 gium
497 588 700 627 censor
742 569 807 627 C.
843 570 1083 627 Ateium
1134 572 1376 641 notavit,
1422 572 1579 649 quod
1627 573 1969 631 ementitum

285 650 542 727 auspicia
574 648 969 717 subscriberet.
1053 650 1231 708 Esto,
1274 652 1452 708 fuerit
1485 651 1595 709 hoc
1628 653 1893 724 censoria
1925 654 1973 710 si

285 729 578 787 iudicabat
599 729 957 787 ementitum.
1025 730 1113 788 At
1132 730 1277 787 illud
1294 731 1533 788 minime
1553 731 1799 807 auguriS,
1818 733 1975 809 quod

287 810 550 887 ascripsit
577 809 652 867 ob
680 828 806 867 eam
836 828 1064 867 causam
1093 810 1373 887 populum
1396 810 1721 868 Romanum
1750 812 1978 869 calami-

286 897 468 947 tatem
501 889 813 947 maximam
847 890 1080 967 cepisse.
1167 890 1229 947 Si
1264 892 1417 948 enim
1452 911 1519 948 ea
1552 911 1719 949 causa
1752 892 1975 949 calami-

287 970 426 1027 tatis
457 970 590 1040 fuit,
619 988 740 1027 non
772 970 833 1027 in
876 989 946 1027 eo
988 978 1076 1027 est
1109 970 1293 1048 culpa,
1324 972 1424 1048 qui
1460 971 1838 1043 obnuntiavit,
1874 972 1975 1029 sed

288 1050 350 1107 in
379 1069 464 1120 e0,
491 1050 588 1127 qui
617 1068 734 1106 non
763 1049 970 1127 paruit.
1050 1050 1263 1108 Veram
1294 1052 1445 1109 enim
1469 1051 1647 1109 fuisse
1676 1051 1977 1110 obnuntia-

288 1130 527 1201 tionem‚
552 1136 618 1187 ut
643 1130 728 1187 ait
753 1130 906 1187 idem
938 1148 1123 1207 augur
1155 1138 1215 1188 ct
1246 1150 1460 1202 censor,
1484 1132 1671 1189 exitus
1699 1131 1976 1209 approba-

289 1210 404 1268 vit:
449 1229 594 1288 quae
638 1210 687 1267 si
729 1210 876 1267 falsa
918 1210 1139 1281 fuisset,
1171 1210 1387 1268 nullam
1430 1211 1655 1269 adferre
1692 1212 1975 1289 potuisset

290 1309 519 1348 causam
562 1290 919 1348 calamitatis,
1003 1290 1237 1347 Etenim
1282 1291 1452 1361 dirae,
1484 1292 1631 1349 sicut
1664 1298 1850 1350 cetera
1881 1312 1975 1349 au-

291 1371 485 1447 spicia,
521 1378 588 1429 ut
629 1370 840 1439 omina,
869 1376 938 1426 ut
966 1369 1146 1445 signa,
1178 1388 1293 1426 non
1330 1390 1525 1428 causas
1566 1372 1835 1431 adferunt
1876 1392 1976 1429 cur

292 1450 433 1529 quid
466 1450 706 1521 eveniat,
738 1450 838 1508 sed
871 1450 1146 1507 nuntiant
1182 1458 1467 1522 eventura,
1498 1452 1607 1507 nisi
1641 1452 1971 1529 provideris.

293 1537 385 1589 30.
432 1530 564 1588 Non
595 1530 776 1607 igitur
803 1529 1170 1587 obnuntiatio
1199 1529 1357 1587 Ateii
1387 1550 1613 1588 causam
1642 1531 1809 1589 finxit
1836 1530 1977 1588 cala-

289 1611 526 1686 mitatiS,
548 1610 649 1668 sed
671 1610 838 1687 signo
861 1608 1089 1679 obiecto
1110 1610 1341 1667 monuit
1362 1610 1629 1668 Crassum
1652 1611 1793 1688 quid
1814 1629 1976 1667 even-

291 1698 486 1749 turum
529 1697 692 1761 esset,
733 1689 845 1746 nisi
879 1689 1135 1747 cavisset.
1222 1689 1313 1747 Ita
1349 1698 1449 1749 aut
1481 1690 1578 1747 illa
1611 1690 1975 1748 obnuntiatio

291 1771 436 1834 nihil
469 1770 650 1828 valuit
681 1777 781 1828 aut
809 1769 874 1841 si,
899 1776 966 1827 ut
997 1768 1229 1846 Appius
1262 1770 1495 1842 iudicat,
1518 1770 1713 1842 valuit,
1737 1771 1799 1828 id
1826 1770 1975 1828 valu-

293 1852 358 1923 i‘t,
381 1859 449 1908 ut
475 1859 772 1927 peccatum
806 1849 1036 1907 haereat
1065 1869 1183 1908 non
1215 1851 1273 1907 in
1310 1869 1397 1920 e0,
1423 1851 1520 1928 qui
1548 1851 1851 1922 monuerit,
1878 1851 1976 1908 sed

294 1931 356 1988 in
386 1950 472 1999 e0,
498 1931 596 2006 qui
623 1949 739 1987 non
771 1930 1198 2006 obtemperarit.

377 2009 574 2068 XVII.
620 2008 810 2078 Quid?
849 2009 1027 2067 lituus
1054 2009 1163 2066 iste
1192 2017 1394 2079 vester,
1420 2009 1575 2086 quod
1603 2008 1975 2067 clarissimum

297 2097 385 2148 cst
407 2090 630 2166 insigne
651 2096 976 2167 auguratuS,
993 2089 1147 2147 unde
1170 2089 1332 2147 vobis
1354 2099 1441 2146 est
1461 2089 1742 2146 traditus?
1808 2089 1976 2148 Nem·

297 2189 370 2248 pe
399 2190 468 2227 eo
489 2169 769 2227 Romulus
790 2169 1053 2246 regiones
1075 2169 1285 2226 direxit
1304 2176 1449 2239 tum,
1474 2189 1601 2226 cum
1628 2169 1823 2226 urbem
1850 2189 1976 2227 con·

297 2250 463 2308 didit.
548 2248 662 2318 Qui
701 2249 933 2327 quidem
973 2249 1207 2306 Romuli
1242 2249 1435 2321 lituae,
1466 2249 1526 2306 id
1560 2257 1647 2306 est
1680 2250 1976 2308 incurvum

297 2338 354 2389 et
382 2330 586 2388 leniter
617 2349 652 2386 a
684 2347 910 2386 summo
946 2327 1222 2386 inflexum
1252 2329 1537 2400 bacillum,
1563 2329 1721 2406 quod
1753 2329 1824 2386 ab
1859 2330 1981 2388 eius

295 2411 440 2481 litui,
472 2428 588 2487 quo
631 2408 870 2479 canitur,
908 2409 1287 2467 similitudine
1328 2428 1537 2466 nomen
1582 2409 1818 2478 invenit,
1849 2429 1981 2468 cum

297 2491 440 2548 situs
473 2497 622 2548 esset
647 2490 709 2546 in
737 2489 895 2548 curia
921 2489 1224 2560 Saliorum,
1250 2508 1393 2566 quae
1427 2497 1515 2546 est
1540 2489 1599 2546 in
1630 2489 1873 2560 Palatio,
1896 2509 1985 2546 ea-

298 2586 408 2647 que
454 2568 836 2646 deflagrasset,
877 2569 1145 2626 inventus
1194 2577 1280 2626 est
1329 2570 1565 2645 integer.
1654 2575 1745 2626 31.
1791 2568 1983 2636 Quid?

260 2673 270 2681 ·
297 2650 496 2707 multis
522 2650 686 2706 annis
713 2657 850 2725 post
876 2649 1191 2706 Romulum
1220 2649 1418 2706 Prisco
1447 2655 1721 2724 regnante
1750 2648 1985 2724 Tarqui-

297 2731 396 2787 nio
439 2729 568 2806 quis
609 2735 865 2786 veterum
899 2729 1244 2806 scriptorum
1276 2748 1394 2786 non
1429 2728 1685 2805 loquitur
1723 2748 1867 2804 quac
1909 2728 1982 2784 sit

298 2809 371 2867 ab
401 2809 548 2866 Atto
577 2808 764 2866 Navio
785 2828 890 2886 per
908 2809 1119 2867 lituum
1148 2809 1445 2886 regionum
1469 2808 1625 2866 fact-a
1652 2806 1981 2883 discriptio}

299 2889 434 2981 Qui·
441 2907 572 2947 cum
594 2896 832 2966 propter
850 2895 1247 2967 paupertatem
1270 2908 1399 2946 sues
1418 2907 1561 2964 puer
1581 2895 1854 2964 pasceret,
1875 2906 1985 2943 una

300 2987 370 3026 ex
397 2969 470 3026 iis
494 2970 704 3026 amissa
729 2970 950 3027 vovisse
980 2968 1205 3039 dicitur,
1226 2968 1274 3025 si
1301 2973 1702 3046 recuperasset,
1728 2985 1897 3024 uvam
1926 2985 1984 3023 se

301 3048 410 3107 deo
438 3049 726 3120 daturum,
751 3068 894 3126 quae
913 3049 1168 3106 maxima
1188 3055 1335 3106 esset
1355 3048 1415 3104 in
1438 3047 1635 3105 vinea:
1671 3047 1864 3123 itaque
1887 3065 1983 3104 sue

300 3129 537 3188 inventa
562 3129 638 3186 ad
665 3129 960 3187 meridiem
986 3136 1249 3207 spectans
1276 3129 1335 3185 in
1366 3128 1533 3186 vinea
1558 3127 1751 3184 media
1777 3126 1985 3183 dicitur

303 3205 644 3281 constitisse,
676 3229 920 3286 cumque
955 3209 1014 3266 in
1051 3216 1323 3286 quattuor
1354 3214 1545 3285 partes
1588 3207 1809 3264 vineam
1846 3207 1985 3264 divi·

423 3302 436 3308 ·
485 3291 542 3334 13
