2199 3546
189 157 310 221 ¹166
637 112 643 115 ”
734 153 834 204 DE
855 145 1371 204 ‘mvmulonn

213 256 480 313 minatus.
563 253 622 311 Is
650 254 986 332 quaestione
1016 254 1277 313 adhibita
1304 256 1605 314 confessus
1630 265 1719 314 est
1744 252 1903 333 pate-'-

213 353 448 412 ramque
475 335 713 393 rettulit.
782 334 912 404 Quo
941 336 1099 393 facto
1127 336 1327 391 fanum
1356 335 1494 391 illud
1518 335 1735 394 Indicis
1756 336 1902 394 Her-

213 415 356 473 culis
383 414 746 472 nominatum
775 421 877 473 est.

293 493 520 553 XXVI.
608 500 700 553 55.
746 493 862 552 Sed
895 494 1037 572 quid
1069 514 1179 571 ego
1220 494 1607 553 Graecorum?
1688 493 1899 553 Nescio

213 593 329 652 quo
371 573 546 631 modo
577 594 674 631 me
705 574 892 649 magis
923 580 1121 631 nostra
1151 573 1453 633 delectant.
1538 574 1756 633 Omnes
1788 574 1899 633 hoc

211 654 488 725 historici,
520 654 698 726 Fabii,
735 652 924 724 Gellii,
957 654 1056 711 sed
1106 654 1366 731 proxime
1420 653 1662 712 Caelius,
1749 654 1897 712 Cum

213 734 362 792 bello
400 733 608 791 Latino
641 734 764 791 ludi
797 734 977 791 votivi
1011 734 1249 791 maximi
1286 734 1539 811 primum
1572 732 1789 805 fierent,
1826 734 1901 791 ci·

211 814 359 871 vitas
381 814 453 871 ad
475 833 633 871 arma
648 820 882 890 repente
904 821 992 871 est
1011 814 1273 872 excitata.
1344 814 1546 891 Itaque
1563 814 1714 871 ludis
1730 814 1901 871 inter-

213 894 402 951 missis
443 893 803 951 instaurativi
837 894 1139 951 constituti
1172 900 1321 951 sunt.
1407 894 1521 962 Qui
1560 901 1691 951 ante
1727 912 1897 971 quam

211 973 413 1032 fierent
450 992 696 1051 cumque
735 974 851 1031 iam
889 973 1141 1051 populus
1176 974 1544 1043 consedisset,
1575 992 1769 1031 servus
1798 992 1902 1051 per

212 1054 442 1123 circum,
473 1072 605 1111 cum
639 1054 814 1130 virgis
847 1053 1190 1125 caederetur,
1214 1054 1435 1111 furcam
1470 1054 1661 1111 ferens
1694 1054 1901 1111 ductus

212 1142 314 1191 est.
399 1133 548 1191 Exin
591 1133 820 1191 cuidam
853 1133 1068 1191 rustico
1103 1134 1367 1191 Romano
1402 1132 1714 1191 dormienti
1747 1132 1901 1190 visus

212 1220 300 1271 est
341 1213 534 1271 venire
575 1214 675 1290 qui
716 1214 931 1271 diceret
971 1213 1287 1288 praesulem
1326 1214 1435 1271 sibi
1469 1232 1587 1271 non
1622 1213 1899 1290 placuisse

212 1293 364 1351 ludis
395 1293 570 1370 idque
603 1292 675 1351 ab
709 1294 915 1351 eodem
943 1293 1162 1351 iussum
1190 1312 1312 1351 esse
1342 1313 1473 1353 eum
1503 1294 1727 1351 senatui
1760 1312 1901 1351 nun-

211 1374 387 1432 tiare:
429 1372 594 1431 illum
622 1392 742 1431 non
770 1392 892 1431 esse
920 1391 1138 1431 ausum.
1217 1372 1433 1431 Iterum
1465 1392 1585 1431 esse
1614 1374 1767 1430 idem
1790 1373 1901 1431 ius-

211 1473 340 1511 sum
387 1460 446 1511 et
486 1454 773 1511 monitum
815 1472 889 1511 ne
931 1453 1049 1511 vim
1092 1472 1253 1511 suam
1296 1454 1541 1531 experiri
1582 1453 1783 1511 vellet:
1826 1472 1899 1511 ne

211 1541 338 1591 tum
369 1534 600 1609 quidem
631 1553 752 1590 esse
781 1552 1000 1591 ausum.
1069 1533 1218 1591 Exin
1248 1532 1431 1591 filium
1460 1534 1583 1591 eius
1610 1552 1731 1591 esse
1752 1552 1901 1591 mor-

211 1618 393 1684 tuum,
426 1612 665 1669 eandem
710 1613 772 1669 in
801 1613 1018 1671 somnis
1051 1614 1509 1671 admonitionem
1540 1613 1717 1672 fuisse
1746 1613 1900 1671 terti-

213 1712 322 1752 am.
406 1692 558 1749 Tum
583 1692 747 1749 illum
781 1693 955 1751 etiam
985 1691 1235 1751 debilem
1264 1693 1483 1751 factum
1513 1712 1633 1751 rem
1662 1693 1737 1751 ad
1762 1694 1900 1750 ami-

213 1793 311 1832 cos
337 1772 626 1845 detulisse,
652 1793 896 1851 quorum
920 1773 991 1832 de
1013 1775 1301 1832 sententia
1318 1773 1583 1832 lecticula
1602 1775 1661 1832 in
1684 1775 1898 1832 curiam

213 1873 334 1911 esse
366 1853 637 1924 delatum,
663 1871 908 1932 cumque
941 1854 1165 1911 senatui
1192 1855 1482 1912 somnium
1512 1855 1897 1926 enarravisset‚

212 1933 456 2011 pedibus
485 1933 602 1991 suis
629 1933 848 1992 salvum
876 1934 1189 1992 revertisse.
1275 1934 1479 2012 Itaque
1501 1935 1726 1991 somnio
1750 1953 1903 1991 com-

212 2014 456 2092 probato
498 2033 533 2070 a
569 2021 772 2072 senatu
803 2014 970 2073 ludos
1003 2012 1133 2071 illos
1166 2014 1373 2072 iterum
1409 2015 1754 2072 instauratos
1785 2033 1902 2072 me-

211 2095 428 2151 moriae
461 2093 756 2169 proditum
791 2102 894 2153 est.
981 2099 1074 2151 56.
1120 2092 1185 2152 O.
1211 2113 1346 2152 vero
1379 2093 1671 2152 Gracchus
1704 2094 1902 2151 multis

213 2174 377 2243 dixit,
401 2181 466 2231 ut
495 2172 770 2249 scriptum
805 2173 960 2251 apud
1001 2173 1247 2231 eundem
1283 2173 1541 2232 Caelium
1578 2181 1679 2244 est,
1706 2173 1814 2231 sibi
1842 2174 1905 2229 in

214 2253 432 2310 somnis
477 2260 838 2329 quaesturam
881 2272 998 2310 non
1039 2253 1262 2329 petenti
1301 2251 1390 2310 Ti.
1427 2253 1665 2310 fratrem
1714 2252 1897 2308 visum

169 2401 182 2405 ,
213 2352 335 2390 esse
375 2331 579 2403 dicere,
618 2351 790 2409 quam
833 2332 1004 2390 vellet
1045 2339 1423 2402 cunctaretur,
1458 2339 1652 2390 tamen
1696 2331 1901 2389 eodem

215 2412 324 2470 sibi
353 2412 486 2483 leto,
510 2431 627 2488 quo
661 2412 784 2488 ipse
812 2411 1117 2482 interisset,
1141 2431 1261 2469 esse
1289 2412 1661 2488 pereundum.
1746 2411 1898 2482 Hoc,

215 2499 348 2550 ante
390 2511 563 2569 quam
596 2491 862 2550 tribunus
894 2491 1049 2568 plebi
1083 2491 1149 2549 C.
1186 2492 1478 2550 Gracchus
1510 2491 1699 2548 factus
1732 2498 1898 2562 esset,

215 2579 274 2630 et
308 2591 366 2630 se
399 2572 625 2629 audisse
659 2571 856 2630 scribit
889 2571 1118 2630 Caelius
1146 2579 1205 2630 et
1232 2571 1443 2629 dixisse
1470 2570 1685 2631 multia
1768 2569 1903 2640 Quo

215 2652 442 2710 somnio
472 2651 612 2727 quid
640 2651 882 2709 inveniri
910 2658 1105 2729 potest
1132 2652 1378 2710 certius2

294 2730 554 2790 XXVII.
601 2730 793 2800 Quid?
833 2731 930 2789 illa
963 2731 1080 2789 duo
1114 2731 1353 2802 somnia,
1386 2749 1530 2808 quae
1563 2729 1902 2788 creberrime

205 2821 738 2870 ‘commemorantur
777 2831 811 2868 a
851 2811 1077 2882 Stoicis,
1111 2811 1239 2888 quis
1272 2811 1506 2868 tandem
1539 2817 1732 2888 potest
1770 2828 1904 2866 con-

214 2893 508 2950 temnere?
564 2911 743 2949 unum
793 2891 866 2950 de
914 2891 1248 2948 Simonide:
1308 2891 1409 2968 qui
1456 2909 1589 2948 cum
1632 2891 1901 2967 ignotum

216 2972 524 3050 quemdam
557 2972 878 3048 proiectum
910 2979 1205 3028 mortuum
1247 2970 1485 3028 vidisset
1520 2988 1767 3048 eumque
1800 2968 1905 3026 hu-

214 3053 486 3110 mavisset
525 3050 870 3128 haberetque
911 3051 970 3108 in
1013 3051 1208 3108 animo
1249 3069 1453 3108 navem
1502 3048 1901 3119 conscendere,

215 3132 439 3188 moneri
467 3131 620 3188 visus
647 3139 735 3188 cst
763 3151 834 3188 ne
863 3130 924 3187 id
949 3131 1165 3188 faceret
1192 3129 1265 3188 ab
1294 3149 1379 3198 ec,
1410 3148 1581 3206 quem
1612 3128 1905 3206 sepultura

217 3210 537 3270 adfecerat:
581 3211 630 3268 si
663 3210 1002 3288 navigasset,
1033 3229 1167 3268 eum
1199 3210 1503 3286 naufragio
1536 3228 1659 3268 esse
1692 3208 1906 3288 peritu-
