2199 3546
653 153 798 204 LIB.
817 153 944 216 111„
972 151 1131 204 CAP.
1160 151 1447 218 v.-v111.,
1476 152 1510 216 δ.
1538 151 1716 206 18-19.
1917 155 2016 208 118
2078 107 2087 114 .

321 271 471 312 rum.
555 253 728 312 Alter
755 273 828 312 ex
851 253 1382 332 perturbationibus
1407 261 1909 334 tempestatum-et
1932 273 2018 316 re÷

324 333 500 412 liquis
553 333 826 392 motibus.
879 361 888 368 ·
928 334 1159 394 Tertius
1212 355 1281 394 ex
1336 337 1750 395 commoditate
1804 355 2015 410 rerum,

327 433 468 490 quas
489 414 855 491 percipimuS,
881 421 940 472 et
965 416 1149 493 copia.
1235 415 1485 485 Quartus
1510 436 1587 474 ex
1614 423 1899 475 astrorum
1928 436 2019 474 or-

324 494 462 552 dine
489 493 746 571 caelique
773 495 1113 574 constantia.
1197 495 1291 553 De
1316 497 1715 574 praesensione
1742 496 2011 556 diximus

324 573 419 632 De
451 573 982 650 perturbationibus
1013 575 1352 634 caelestibus
1384 583 1444 634 et
1474 577 1783 634 maritimis
1814 583 1875 634 et
1905 583 2017 636 ter-

323 654 480 712 renis
521 673 642 712 non
685 655 1237 732 possumusudicere,
1268 675 1402 714 cum
1446 674 1514 714 ea
1552 653 1711 724 fiant,
1742 673 1858 713 non
1893 674 2015 714 esse

324 733 542 792 multos
573 734 684 811 .qui
715 733 814 791 illa
851 741 1123 793 metuant·
1154 742 1214 794 et
1245 755 1280 792 a
1310 735 1403 792 dis
1424 735 1859 793 ‚immortalibus
1890 734 2015 794 fieri

325 813 672 872 existiment.
762 813 859 872 1-7..
899 813 1014 872 Sed
1043 833 1161 872 non
1188 814 1253 872 id
1280 815 1588 892 quaeritur,
1614 815 1805 873 sintne
1836 815 2016 896 aliqui

327 894 429 971 qui
455 893 595 952 deos
627 912 750 950 esse
781 901 1005 972 putent,
1029 893 1092 951 di
1122 900 1313 952 utrum
1350 895 1471 952 sint
1498 913 1679 953 necne
1706 895 1823 953 sint
1850 913 2017 972 quae·

325 974 488 1031 ritur.
571 972 626 1031 Ν
629 991 724 1030 am
758 973 1008 1051 reliquae
1039 993 1259 1045 causae,
1290 995 1432 1052 quas
1464 973 1775 1033 Cleanthes
1806 975 2015 1046 adfert,

327 1071 568 1130 quarum
597 1071 714 1110 una
745 1061 834 1110 est
861 1054 934 1111 de
963 1054 1421 1126 commodorum,
1442 1073 1593 1133 quae
1625 1055 1900 1132 capimuS,
1924 1074 2017 1113 co·

325 1133 440 1210 pia,
470 1133 650 1190 altera
679 1133 752 1191 de
785 1140 1117 1212 temporum
1150 1135 1354 1193 ordine
1384 1135 1639 1213 caelique
1672 1135 2012 1207 constantia,

323 1220 452 1271 tum
480 1211 888 1272 tractabuntur·
904 1233 942 1272 a
965 1213 1308 1286 nobisscum
1336 1215 1761 1293 disputabimus
1778 1216 1861 1273 .de
1888 1234 2018 1292 pro-

324 1293 584 1352 videntia
622 1292 880 1366 deorum,
911 1293 984 1352 de
1026 1314 1141 1372 qua
1176 1295 1424 1373 plurima
1456 1315 1493 1353 a
1522 1302 1598 1367 te,
1630 1293 1829 1368 Balbe,
1860 1295 2018 1354 dicta

324 1380 480 1445 sunt,
533 1379 624 1431 18.
681 1374 1000 1452 eodemque
1055 1375 1159 1436 illa
1216 1376 1391 1434 etiam
1453 1375 1801 1448 differemuS,
1858 1375 2016 1454 quod

324 1453 716 1533 Chrysippum
753 1454 942 1513 dicere
972 1455 1181 1528 aiebas,
1212 1456 1487 1534 quoniam
1521 1462 1671 1514 esset
1702 1455 1923 1534 aliquid
1956 1456 2017 1512 in

323 1553 515 1593 rerum
548 1539 754 1592 natura
781 1535 939 1613 quod
966 1535 1038 1594 ab
1065 1535 1303 1594 homine
1336 1535 1483 1594 effici
1510 1554 1630 1592 non
1657 1542 1871 1614 posset,
1896 1554 2015 1592 esse

323 1615 563 1673 homine
579 1615 800 1693 aliquid
819 1615 1041 1688 melius,
1059 1635 1319 1694 quaeque
1338 1617 1400 1674 in
1424 1616 1601 1674 domo
1622 1615 1863 1696 pulchra
1883 1634 2015 1673 cum

325 1691 754 1772 pulchritudine
780 1695 986 1753 mundi
1007 1696 1395 1775 comparabas,
1418 1703 1479 1754 et
1498 1715 1630 1754 cum
1652 1696 1835 1756 totius
1854 1714 2017 1752 muno

325 1776 391 1833 di
423 1776 880 1835 convenientiam
915 1794 1372 1855 consensumque
1404 1776 1721 1849 adferebas,
1750 1776 2017 1835 Zenonis-

327 1874 442 1933 que
471 1855 672 1913 breves
714 1862 776 1915 et
814 1857 1070 1916 acutulas
1111 1858 1507 1915 conclusiones
1522 1857 1599 1914 in
1634 1876 1761 1915 eam
1794 1863 2015 1933 partem

327 1935 623 2007 sermoniS‚
661 1954 834 2013 quam
887 1937 1066 1995 modo
1124 1936 1261 2009 dixi,
1304 1937 1654 2007 differemus,
1698 1935 2016 2013 eodemque

326 2022 590 2093 tempore
617 2014 716 2073 illa
748 2017 960 2089 omnia,
991 2036 1139 2094 quae
1170 2036 1205 2074 a
1236 2024 1295 2075 te
1322 2016 1565 2094 physice
1592 2016 1752 2073 dicta
1782 2024 1917 2075 sunt
1944 2015 2017 2074 de

327 2096 388 2155 vi
413 2096 586 2174 ignea
617 2095 806 2174 deque
837 2114 908 2154 eo
939 2096 1142 2170 calore,
1166 2116 1237 2155 ex
1268 2110 1395 2175 quo·
1418 2095 1617 2153 omnia
1646 2096 1906 2175 generari
1934 2095 2018 2153 di-

329 2176 514 2250 cebas,
537 2175 667 2234 loco
701 2196 805 2235 suo
841 2184 1199 2254 quaerentur,
1224 2177 1547 2253 omniaque,
1579 2194 1725 2254 quae
1758 2182 1883 2233 a-te
1914 2194 2016 2235 nu⁴

329 2256 462 2315 dius
493 2256 700 2314 tertius
731 2256 888 2314 dicta
919 2264 1070 2329 sunt,
1099 2276 1233 2315 cum
1263 2256 1469 2314 docere
1499 2256 1672 2315 velles
1705 2255 1844 2314 deos
1875 2274 2015 2328 esse,

331 2354 446 2415 qua
477 2356 538 2395 re
571 2342 633 2394 et
662 2336 915 2393 mundus
942 2339 1239 2395 universus
1270 2345 1329 2395 et
1362 2336 1447 2394 sol
1476 2343 1537 2395 et
1563 2336 1701 2394 luna
1731 2343 1791 2394 et
1819 2335 2016 2411 stellae

331 2434 562 2475 sensum
596 2434 662 2475 ac
693 2423 949 2473 mentem
982 2416 1276 2489 haberent,
1306 2419 1366 2474 in
1400 2417 1553 2476 idern
1584 2424 1815 2493 tempus
1846 2435 2018 2475 reser-

330 2496 496 2554 vab0.
584 2501 676 2554 19.
714 2495 771 2552 A
798 2502 860 2553 te
885 2503 1078 2554 autem
1101 2496 1255 2555 idem
1278 2496 1418 2554 illud
1441 2497 1617 2555 etiam
1638 2506 1812 2572 atque
1840 2496 2017 2553 etiam

333 2594 620 2653 quaeram,
644 2575 853 2653 quibus
878 2575 1199 2634 rationibus
1224 2576 1333 2634 tibi
1354 2576 1697 2653 persuadeas
1717 2576 1857 2633 deos
1877 2594 2014 2632 esse.

332 2654 500 2715 VIII.
536 2655 688 2713 Tum
715 2654 968 2714 Balbus:
1009 2656 1297 2733 Equidem
1322 2655 1581 2715 attulisse
1602 2655 1853 2714 rationes
1872 2653 2020 2712 mihi

331 2735 547 2808 videor,
573 2735 674 2793 sed
701 2755 796 2793 eas
823 2742 888 2794 tu
917 2736 1002 2794 ita
1017 2735 1249 2807 refellis,
1265 2742 1349 2808 ut,
1372 2754 1503 2794 cum
1524 2755 1621 2793 me
1642 2736 2021 2811 interrogatu-

329 2834 430 2873 rus
456 2834 578 2873 esse
606 2816 832 2879 videare
858 2823 919 2873 et
945 2834 1054 2895 ego
1081 2835 1177 2875 me
1205 2816 1277 2873 ad
1299 2815 1764 2893 respondendum
1792 2832 2021 2890 compa·

331 2896 523 2967 ratim,
545 2903 781 2972 repente
809 2904 1028 2953 avertas
1047 2896 1366 2953 orationem
1384 2914 1491 2967 nec
1512 2894 1615 2953 des
1634 2891 2020 2971 respondendi

332 2973 542 3032 locum.
619 2974 826 3052 Itaque
847 2975 1137 3033 maximae
1158 2992 1250 3034 res
1268 2975 1485 3033 tacitae·
1498 2972 1926 3051 praeterierunt,
1946 2971 2020 3029 de

333 3054 707 3131 divinatione,
737 3054 812 3112 de
843 3055 987 3126 fate,
1011 3054 1219 3133 quibus
1246 3054 1321 3111 de
1348 3050 1778 3132 quaestionibus
1804 3057 1869 3109 tu
1900 3050 2020 3128 qui·

333 3133 468 3191 dem
513 3134 776 3205 strictim,
805 3134 987 3191 nostri
1011 3141 1211 3193 autem
1246 3134 1431 3191 multa
1462 3130 1650 3189 solent
1686 3130 1889 3203 dicere,
1920 3130 2021 3189 sed

337 3212 410 3271 ab
441 3213 552 3272 hac
583 3231 654 3271 ea
683 3214 1032 3290 quaestione,
1056 3230 1203 3289 quae
1227 3230 1382 3269 nunc
1396 3212 1471 3269 in
1503 3207 1772 3269 manibus
1807 3216 1923 3281 est,:
1940 3227 2021 3267 se-
