2199 3546
478 145 618 196 LIB.
643 146 742 207 11„
763 146 922 196 CAP.
943 147 1353 210 :aL-XLIII„
1373 146 1405 208 5
1428 147 1671 198 105-111.
1889 153 1957 200 85

395 243 570 306 Atque
591 243 702 292 eius
722 243 829 307 ipse
849 253 1021 294 manet
1043 245 1280 306 religatus
1300 260 1507 309 corpore
1527 254 1688 296 torto:

393 308 628 372 Namque
651 309 808 356 virum
833 310 1052 358 medium
1076 325 1277 373 serpens
1296 311 1392 359 sub
1412 322 1613 374 pectora
1635 311 1805 375 cingit.
1824 308 1831 312 ’

395 374 490 424 Ille
513 381 680 422 tamen
704 375 868 422 nitens
889 374 1107 434 graviter
1128 375 1338 436 vestigia
1357 375 1511 439 ponit,

343 500 350 504 ¹
391 440 566 504 Atque
587 438 759 488 oculos
783 449 924 500 urget
945 440 1153 502 pedibus
1172 451 1443 505 pectusque
1464 441 1644 505 Nepai.
1752 467 1761 474 ·

259 565 500 644 Septem
526 567 745 624 triones
771 573 966 625 autem
995 567 1255 645 sequitur

391 705 758 770 Arctophylax,
776 704 924 766 vulgo
947 705 1033 767 qni
1055 705 1241 754 dicitur
1260 720 1369 755 esse
1390 706 1596 767 Bootes,

389 770 538 833 Quod
562 771 704 835 qnasi
730 781 929 820 temone
950 770 1236 820 adiunctam
1260 786 1379 835 prae
1400 787 1455 821 se
1476 772 1636 835 quatit
1656 771 1885 823 Arctum.

260 905 396 960 110.
426 899 580 992 Dein
613 919 758 979 quae
786 907 1120 979 sequuntur.
1205 899 1362 959 Huic
1390 900 1545 960 enim
1573 900 1753 959 Booti

745 1029 916 1078 subter
937 1028 1227 1092 praecordia
1248 1029 1357 1077 fixa
1376 1029 1575 1078 videtur

387 1092 546 1144 Stella
564 1094 755 1143 micans
783 1094 949 1154 radii&
966 1095 1215 1142 Arcturus
1237 1094 1439 1143 nomine
1460 1094 1629 1144 claret

257 1210 420 1268 cuius
451 1183 748 1288 [pedibus]
780 1209 1037 1268 subiecta
1063 1210 1250 1269 fertur

386 1337 593 1402 Spicum
614 1337 804 1386 illustre
825 1345 999 1387 tenens
1021 1337 1301 1401 splendenti
1322 1352 1527 1402 corpore
1548 1338 1722 1401 Virgo.

255 1455 475 1514 XLIII.
511 1455 710 1534 Atque
743 1455 827 1513 ita
857 1455 1151 1514 demetata
1190 1455 1355 1533 signa
1394 1462 1547 1527 sunt,
1576 1463 1643 1514 ut
1675 1457 1737 1514 in
1768 1457 1946 1516 tantis

253 1534 739 1614 descriptionibus
767 1534 964 1594 divina
991 1535 1243 1596 sollertia
1268 1542 1555 1614 appareat.

384 1664 456 1714 Et
476 1672 621 1713 natos
644 1663 885 1714 Geminos
906 1664 1090 1714 invises
1113 1664 1206 1712 snb
1228 1673 1377 1728 caput
1398 1664 1559 1714 Arcti.

385 1729 647 1782 Subiectus
669 1730 865 1780 mediae
887 1738 965 1780 est
985 1729 1179 1780 Cancer
1200 1729 1507 1795 pedibusque
1526 1737 1723 1780 tenetur

367 1796 602 1874 ¹Magnus
623 1795 730 1845 Leo
751 1796 1014 1845 tremulam
1037 1795 1264 1859 quatiens
1287 1810 1317 1845 e
1334 1811 1541 1859 corpore
1561 1796 1840 1881 flammam.

255 1912 478 1991 Auriga

382 2043 488 2093 Sub
509 2041 660 2092 laeva·
673 2042 1000 2093 Geminorum
1024 2042 1270 2091 obductus
1290 2047 1433 2106 parte
1453 2042 1652 2091 feretur.
1678 2072 1683 2075 -

377 2108 660 2157 Adversum
683 2116 834 2171 caput
856 2108 971 2157 huic
995 2107 1203 2157 Helicae
1224 2107 1501 2156 truculenta
1522 2114 1706 2159 tuetur.

379 2174 455 2223 At
476 2173 640 2237 Capra
660 2172 856 2221 laevum
878 2188 1106 2222 umerum
1128 2172 1263 2221 clara
1280 2172 1490 2222 obtinet.
1515 2209 1528 2222 .
1556 2210 1569 2222 .
1593 2209 1608 2223 .

245 2288 400 2347 Tum
431 2309 576 2387 qnae
604 2296 921 2368 sequuntur
942 2307 956 2348 ε

378 2418 575 2467 Verum
597 2417 722 2467 haec
745 2426 822 2466 est
843 2426 1197 2483 magnos-tque
1219 2418 1399 2467 illustri
1421 2418 1648 2482 praedita
1668 2390 1829 2483 signe,

379 2482 569 2534 Contra
590 2482 758 2532 Haedi
781 2483 1018 2544 exiguum
1041 2482 1227 2534 iaciunt
1253 2483 1542 2533 mortalibus
1563 2484 1751 2545 ignem,

243 2599 411 2659 cuius
438 2574 546 2658 sub
573 2578 821 2678 pedibus
877 2594 884 2599 ’

378 2726 621 2789 Corniger
642 2736 719 2777 est
740 2727 906 2777 valido
928 2727 1141 2776 conixus
1164 2741 1368 2791 corpore
1394 2728 1604 2791 Taurus.
1640 2701 1667 2801 '-
1712 2800 1717 2805 ⁵
1748 2714 1783 2807 Γ

247 2850 277 2903 1
290 2850 382 2903 11.
415 2844 562 2937 Eius.
584 2850 762 2937 caput
787 2843 966 2902 stellis
999 2810 1371 2922 conspersum
1405 2851 1491 2903 est
1519 2808 1932 2935 frequentibus·

376 2983 489 3032 Has
511 2981 692 3033 Graeci
716 2982 882 3031 stellas
907 2980 1118 3045 Hyadas
1140 2935 1355 3033 vocitare
1378 2984 1603 3042 8113an
1636 2940 1659 3011 ἱ·
1718 2942 1722 2947 ¹

244 3127 282 3165 a
305 3107 596 3185 pluendo:
633 3104 750 3163 ὕειν
779 3107 934 3164 enim
962 3114 1050 3165 est
1077 3106 1307 3184 pluere:
1342 3106 1525 3163 nostri
1553 3101 1819 3184 imperite
1846 3123 1935 3165 su·

245 3186 420 3260 culas,
442 3187 605 3261 quasi
633 3205 669 3243 a
695 3185 875 3243 subus
899 3193 1105 3255 essent,
1120 3204 1241 3243 non
1260 3183 1342 3251 ‚ab
1371 3182 1652 3242 imbribus
1677 3184 1934 3242 nomina-

437 3274 468 3316 s
