2199 3546
481 149 1562 215 LIB.11.,CAP.XXXI1.-xxxlv‚§
1598 154 1773 201 82-88.
1912 153 1979 206 72⁸

287 254 411 333 regi
431 253 821 312 confitendum
851 260 954 312 est.
1034 260 1127 311 86.
1158 252 1391 311 Etenim
1421 253 1519 331 qui
1542 253 1788 331 reliquas
1815 259 1979 310 natu

287 354 380 393 ras
407 353 607 392 omnes
635 352 942 412 earumque
963 335 1185 392 Semina
1202 333 1498 391 contineat
1518 334 1617 410 qui
1639 332 1869 409 potest'
1853 351 1977 408 lpse

288 434 407 472 non
440 420 644 472 natura
675 414 1101 472 administrari?
1142 420 1224 484 ut,
1249 414 1297 471 Si
1326 414 1427 491 qui
1455 413 1655 471 dentes
1688 418 1748 470 et
1773 412 1979 489 puber-

287 502 469 552 tatem
496 501 700 552 natura
727 494 882 551 dicat
909 494 1195 564 exsistere,
1220 493 1411 570 ipsum
1440 500 1633 551 autem
1660 491 1975 564 hominem,

289 575 384 633 cui
417 594 484 631 ea
515 574 808 645 exsistant,
839 593 958 631 non
992 581 1253 631 constare
1284 580 1505 638 natura,
1529 591 1648 630 non
1680 572 1979 649 intellegat

289 674 372 724 ea,
399 674 544 731 quae
576 654 818 711 efferant
849 654 1068 732 aliquid
1099 673 1171 711 ex
1204 672 1343 724 sese,
1366 653 1739 730 perfectiores
1769 651 1979 710 habere

289 741 522 792 naturas
550 753 722 811 quam
749 753 832 806 ea,
858 752 1002 811 quae
1031 754 1102 791 ex
1128 734 1201 791 iis
1222 734 1547 791 efferantur.

372 814 662 873 XXXIV.
699 813 974 873 Omnium
1009 821 1202 872 autem
1238 832 1445 884 rerum,
1471 830 1618 890 quae
1650 818 1853 869 natura
1883 811 1979 869 ad·

290 894 706 966 ministrantur,
727 894 1038 952 seminator
1071 900 1133 951 et
1164 900 1319 951 sator
1352 900 1411 951 et
1443 911 1664 970 parenS‚
1687 900 1755 949 ut
1782 892 1865 949 ita
1895 892 1979 949 di-

289 993 437 1045 cam,
467 980 638 1051 atque
679 974 953 1032 educator
985 980 1046 1031 et
1075 973 1226 1031 altor
1256 980 1345 1031 est
1375 973 1630 1031 mundus
1671 972 1979 1050 omniaque

291 1054 444 1111 sicut
475 1053 732 1111 membra
763 1061 823 1111 et
856 1060 1046 1131 partes
1087 1072 1219 1111 suas
1256 1054 1577 1111 nutricatur
1608 1059 1667 1111 et
1701 1052 1975 1110 continet.

293 1133 468 1202 Quod
494 1134 544 1190 Si
569 1133 773 1192 mundi
793 1140 986 1211 partes
1011 1142 1217 1192 natura
1242 1133 1731 1203 administrantur,
1752 1150 1980 1190 necesse

291 1221 382 1271 est
421 1213 702 1271 mundum
745 1214 938 1291 ipsum
977 1220 1183 1271 natura
1222 1212 1624 1283 administrari,
1656 1213 1818 1270 cuius
1860 1212 1982 1290 qui·

293 1294 428 1351 dem
457 1293 878 1352 administratio
906 1294 1050 1351 nihil
1072 1293 1290 1351 habet
1275 1313 1334 1350 m
1366 1312 1425 1350 se
1454 1292 1611 1370 quod
1638 1291 1981 1369 reprehendi

294 1374 510 1451 possit:
547 1392 616 1431 ex
637 1369 708 1431 iis
729 1372 880 1431 enim
913 1374 1148 1445 naturiS,
1170 1392 1314 1451 quae
1336 1380 1514 1444 erant,
1534 1372 1691 1450 quod
1712 1372 1859 1430 effici
1882 1391 1983 1448 op-

296 1454 502 1511 timum
532 1454 726 1531 potuit
753 1454 1024 1513 effectum
1053 1460 1156 1511 est.
1236 1454 1327 1511 87.
1358 1453 1583 1511 Doceat
1607 1472 1747 1529 ergo
1775 1452 1982 1529 aliquis

296 1534 552 1611 potuisse
584 1534 804 1593 melius,
889 1534 1002 1591 Sed
1035 1553 1209 1593 nemo
1251 1552 1525 1611 umquam
1561 1532 1793 1590 docebit
1826 1539 1900 1603 et,
1932 1532 1984 1589 si

297 1613 426 1692 quis
466 1614 748 1691 corrigere
787 1614 1006 1691 aliquid
1039 1614 1211 1684 volet,
1241 1621 1341 1672 aut
1383 1613 1635 1671 deterius
1665 1612 1842 1670 faciet
1882 1617 1984 1669 aut

295 1695 375 1767 id,
396 1694 552 1772 quod
573 1693 696 1751 fieri
722 1712 840 1751 non
863 1695 1134 1788 potuerit,
1155 1693 1517 1751 desiderabit.
1586 1692 1759 1761 Quod
1786 1692 1836 1749 si
1864 1711 1984 1749 om-

295 1795 399 1833 nes
437 1775 642 1833 mundi
674 1782 865 1853 partes
896 1775 980 1832 ita
1019 1775 1369 1832 constitutae
1400 1752 1551 1844 sunt,
1582 1781 1650 1830 ut
1680 1791 1867 1850 neque
1908 1771 1983 1830 ad

295 1875 464 1913 usum
491 1856 756 1920 meliores
783 1856 1079 1934 potuerint
1108 1874 1228 1913 esse
1260 1873 1446 1932 neque
1480 1819 1555 1911 ad
1584 1853 1831 1931 speciem
1861 1852 1985 1930 pul-

297 1935 564 2008 chrioreS‚
600 1935 896 1994 videamus
937 1942 1133 1994 utrum
1176 1955 1244 1992 ea
1282 1934 1599 1991 fortuitane
1640 1933 1758 1990 sint
1798 1952 1868 1989 an
1912 1951 1982 1989 eo

297 2023 468 2088 statu,
493 2035 610 2093 quo
637 2016 937 2078 cohaerere
964 2015 1123 2073 nullo
1152 2015 1329 2072 modo
1358 2013 1654 2092 potuerint
1674 2012 1787 2070 nisi
1814 2031 1985 2070 sensu

296 2097 632 2154 moderante
661 2096 974 2173 divinaque
994 2095 1375 2173 providentia.
1451 2092 1515 2151 Si
1543 2093 1723 2170 igitur
1749 2092 1987 2150 meliora

298 2184 434 2235 sunt
475 2196 557 2247 ea,
589 2196 734 2254 quae
776 2183 994 2248 natura,
1027 2195 1202 2253 quam
1242 2174 1355 2245 illa,
1388 2193 1533 2251 quae
1574 2179 1695 2230 arte
1730 2173 1987 2250 perfecta

283 2255 448 2325 sunt,
473 2273 576 2312 nec
609 2274 698 2312 ars
733 2255 906 2313 efficit
937 2258 1241 2332 quicquam
1270 2255 1393 2311 sine
1421 2253 1658 2324 ratione,
1682 2272 1755 2310 ne
1783 2259 1987 2310 natura

299 2334 533 2411 quidem
562 2335 800 2391 rationis
828 2348 1029 2412 expers
1057 2342 1145 2393 est
1164 2334 1443 2392 habenda.
1513 2332 1628 2402 Qui
1650 2333 1829 2411 igitur
1854 2352 1987 2390 eon-

298 2413 473 2483 venit,
495 2413 721 2490 signum
753 2422 854 2472 aut
873 2414 1128 2472 tabulam
1157 2414 1374 2492 pictam
1402 2432 1532 2471 cum
1562 2412 1864 2491 aspexeris,
1885 2412 1987 2470 Sci·

299 2511 359 2550 re
387 2492 704 2551 adhibitam
733 2513 856 2566 esse
877 2501 1076 2564 artem,
1095 2505 1356 2586 cumque
1362 2493 1559 2570 procul
1584 2513 1810 2550 cursum
1834 2492 1989 2550 navi-

299 2573 385 2649 gii
416 2572 641 2644 videriS,
671 2592 790 2630 non
823 2574 1086 2632 dubitare
1129 2573 1268 2650 quin
1303 2574 1365 2630 id
1397 2573 1619 2630 ratione
1661 2580 1834 2650 atque
1866 2579 1987 2630 arte

195 2655 200 2658 ’
299 2659 600 2710 moveatur
631 2660 748 2723 aut,
779 2673 910 2710 cum
945 2653 1213 2711 solarium
1258 2660 1359 2710 aut
1391 2652 1741 2730 descriptum
1786 2660 1886 2709 aut
1918 2672 1988 2710 ex

299 2751 452 2808 aqua
465 2697 870 2810 contemplere,
885 2733 1215 2825 intellegere
1238 2731 1509 2790 declarari
1524 2733 1695 2790 horas
1716 2740 1853 2803 arte,
1869 2751 1987 2789 non

300 2831 452 2881 casu,
471 2811 754 2874 mundum
783 2820 994 2884 autem,
1015 2815 1117 2890 qui
1145 2820 1203 2878 et
1226 2812 1363 2878 has'
1349 2831 1502 2890 1psas
1529 2820 1679 2880 artes
1706 2819 1768 2869 et
1794 2831 1988 2868 earum

301 2855 548 2948 artiiices
587 2899 647 2950 et
679 2899 884 2950 cuncta
923 2893 1356 2969 complectatur,
1386 2893 1611 2950 consilii
1652 2898 1713 2949 et
1751 2890 1991 2948 rationis

302 2986 430 3028 esse
453 2977 747 3048 expertem
777 2973 1014 3048 putare?
1077 2978 1169 3030 88.
1202 2971 1375 3041 Quod
1403 2973 1453 3029 si
1472 2972 1535 3030 in
1563 2971 1877 3048 Scythiam.
1890 2975 1991 3026 aut

277 3049 364 3108 -in
406 3049 768 3109 Britanniam
811 3051 1113 3129 sphaeram
1154 3052 1379 3129 aliquis
1393 3051 1589 3109 tulerit
1622 3049 1785 3121 hanc,
1818 3066 1991 3126 quam
2179 3065 2185 3116 q

301 3148 488 3208 nuper
512 3131 816 3190 familiaris
847 3139 1044 3190 noster
1075 3131 1271 3190 effecit
1298 3131 1665 3202 PosidoniuS,
1686 3130 1849 3188 cuius
1882 3127 1994 3184 sin-

302 3212 470 3288 gulae
492 3213 896 3270 conversiones
911 3213 1076 3270 idem
1085 3203 1387 3270 officiunt
1372 3233 1431 3269 ιιι
1462 3211 1581 3284 Solo
1610 3218 1667 3268 et
1690 3209 1747 3266 in
1770 3210 1929 3267 luna
1938 3209 1999 3260 et
2182 3229 2184 3288 ι

2058 3407 2185 3512 ssl
