2199 3546
261 153 328 206 20
589 149 598 157 “
700 155 800 205 DE
833 155 1135 205 NATURA
1167 149 1488 206 DEORUM.

259 258 510 317 formam
552 264 612 316 et
650 257 832 317 vitam
872 264 933 328 et
973 258 1261 316 actionem
1299 258 1515 316 mentis
1554 264 1727 337 atque
1768 260 1948 339 agita-

260 339 477 396 tionem
509 338 571 395 in
599 338 726 397 dec.

342 417 572 478 XVIII.
658 422 752 476 46.
797 417 888 476 Ac
917 418 1209 496 deforma
1238 418 1472 496 quidem
1499 419 1713 496 partim
1741 427 1949 479 natura

261 519 368 555 nos
396 499 685 570 admonet,
704 499 917 575 partim
947 498 1092 556 ratio
1123 498 1306 556 docet.
1392 499 1544 556 Nam
1573 520 1607 557 a
1627 507 1831 558 natura
1850 501 1948 558 ha·
1992 533 1995 536 ·

261 577 464 636 bemus
486 597 686 636 omnes
707 579 966 635 omnium
989 579 1252 654 gentium
1276 579 1521 655 speciem
1541 579 1755 636 nullam
1775 580 1945 638 aliam

262 658 374 715 nisi
406 657 716 715 humanam
751 658 1006 715 deorum.
1092 656 1253 725 Quae
1294 659 1448 715 enim
1480 659 1671 717 forma
1712 655 1947 717 alia‘oc-

263 738 439 795 currit
461 757 732 814 umquam
762 745 863 795 aut
884 737 1148 814 vigilanti
1176 737 1441 815 cuiquam
1471 745 1571 796 aut
1599 739 1947 798 dormienti?

263 816 394 889 Sed,
425 836 498 875 ne
533 819 728 874 omnia
759 825 1096 875 revocentur
1129 817 1203 874 ad
1235 818 1451 894 primas
1484 819 1765 890 notioneS,
1796 821 1947 876 ratio

261 896 374 954 hoc
421 897 577 955 idem
625 898 752 974 ipsa
796 897 1058 955 declarat.
1147 898 1239 954 47.
1286 897 1437 955 Nam
1482 917 1613 955 cum
1660 907 1947 976 praestan-

262 977 542 1035 tissimam
586 984 866 1048 naturam,
892 976 980 1034 vel
1015 977 1153 1054 quia
1183 977 1352 1034 beata
1384 985 1471 1035 est
1505 977 1592 1036 vel
1628 979 1763 1054 quia
1803 999 1949 1036 scm-

263 1057 504 1134 piterna,
534 1058 839 1115 convenire
870 1055 1132 1114 videatur
1191 1058 1431 1116 eandem
1478 1079 1599 1118 esse
1640 1059 1948 1134 pulcherri-

263 1156 434 1208 mam,
461 1156 606 1214 quae
633 1137 979 1214 compositio
1009 1136 1416 1208 membrorum,
1450 1155 1595 1214 quae
1623 1137 1947 1194 conforma-

263 1217 346 1274 tio
376 1216 870 1289 lineamentorum,
891 1236 1036 1294 quae
1063 1215 1262 1294 figura,
1284 1235 1429 1294 quae
1458 1217 1677 1293 species
1694 1216 1947 1274 humana

262 1304 457 1374 potest
484 1317 604 1355 esse
632 1297 960 1375 pulchrior?
1021 1297 1147 1357 Vos
1176 1297 1427 1374 quidem,
1448 1295 1649 1368 Lucili,
1670 1295 1948 1355 soletis-

262 1396 396 1434 nam
440 1376 615 1435 Cotta
654 1397 817 1435 meus
859 1377 1036 1436 modo
1081 1376 1211 1447 hoc,
1243 1377 1420 1434 modo
1460 1375 1821 1434 illud—cum
1862 1395 1947 1434 ar-

262 1457 504 1515 tificium
550 1457 822 1534 effingitis
865 1456 1258 1534 fabricamque
1306 1456 1579 1527 divinam,
1613 1476 1783 1533 quam
1830 1457 1947 1514 sint

263 1539 460 1596 omnia
490 1538 550 1594 in
583 1538 838 1595 hominis
865 1537 1046 1615 figura
1079 1557 1197 1594 non
1230 1537 1409 1594 modo
1437 1536 1511 1595 ad
1540 1556 1724 1606 usum,
1745 1555 1946 1594 verum

263 1618 440 1675 etiam
473 1617 546 1675 ad
575 1625 932 1676 venustatem
966 1623 1104 1695 apta
1136 1616 1469 1675 describere.
1558 1621 1650 1674 48.
1688 1615 1860 1684 Quod
1898 1617 1948 1674 si

263 1698 524 1756 omnium
558 1698 936 1755 animantium
964 1697 1215 1755 formam
1246 1697 1425 1754 vincit
1457 1695 1710 1754 hominis
1745 1695 1944 1773 figura,

262 1778 404 1835 deus
437 1786 629 1836 autem
664 1779 924 1836 animans
953 1784 1054 1851 est,
1089 1797 1155 1836 ea
1183 1776 1365 1855 figura
1391 1777 1656 1855 profecto
1685 1784 1773 1835 est
1802 1796 1949 1855 quae

261 1857 645 1936 pulcherrima
677 1866 763 1916 cst
797 1858 1074 1930 omnium,
1109 1858 1496 1936 quoniamque
1524 1858 1664 1916 deos
1692 1857 1949 1923 beatissi-

261 1958 390 1996 mos
444 1957 564 1996 esse
613 1945 853 2010 constat,
895 1938 1098 1995 beatus
1148 1946 1343 1997 autem
1393 1958 1513 1997 esse
1563 1939 1685 1996 sine
1733 1938 1947 1996 virtute

261 2034 433 2077 nemo
480 2024 674 2097 potest
715 2026 820 2075 nec
862 2017 1042 2075 virtus
1091 2018 1214 2077 sine
1262 2019 1485 2077 ratione
1528 2025 1789 2076 constare
1838 2037 1945 2075 nec

261 2098 410 2156 ratio
443 2118 684 2176 usquam
718 2098 902 2156 inesse
934 2098 1046 2156 nisi
1079 2098 1142 2155 in
1175 2097 1429 2155 hominis
1461 2097 1661 2175 figura,
1691 2097 1948 2155 hominis

261 2198 382 2237 esse
411 2179 598 2255 specie
625 2178 765 2235 deos
794 2177 1187 2235 confitendum
1217 2186 1318 2236 est.
1391 2182 1485 2235 49.
1518 2177 1639 2235 Nec
1664 2184 1855 2235 tamen
1880 2196 1949 2235 ea

261 2259 476 2335 species
499 2278 705 2335 corpus
728 2265 830 2331 est,
851 2258 951 2315 sed
970 2258 1135 2335 quasi
1152 2278 1376 2335 corpuS‚
1396 2276 1503 2315 nec
1523 2256 1699 2315 habet
1721 2257 1947 2334 sangui-

260 2358 411 2409 nem,
443 2338 542 2396 sed
572 2338 734 2417 quasi
761 2338 1116 2415 sanguinem.
1201 2337 1369 2396 XIX.
1406 2336 1567 2395 Haec
1597 2356 1945 2415 quamquam

260 2426 320 2477 et
341 2419 574 2476 inventa
601 2425 735 2476 sunt
763 2418 986 2476 acutius
1013 2424 1072 2476 et
1099 2418 1257 2476 dicta
1284 2417 1553 2476 subtilius
1578 2418 1650 2475 ab
1674 2417 1942 2494 Epicur0‚

261 2518 434 2577 quam
463 2506 530 2556 ut
559 2498 745 2576 quivis
773 2518 840 2557 ea
864 2499 1048 2575 possit
1075 2518 1400 2576 agnoscere,
1430 2506 1621 2557 tamen
1652 2498 1836 2556 fretus
1862 2497 1947 2553 in-

261 2578 590 2657 tellegentia
628 2586 813 2637 vestra
848 2579 1065 2637 dissero
1108 2578 1336 2636 brevius
1379 2597 1551 2656 quam
1593 2597 1762 2636 causa
1802 2576 1947 2634 desi-

259 2659 437 2717 derat.
523 2659 806 2737 Epicurus
839 2665 1049 2730 autem,
1082 2659 1184 2736 qui
1217 2678 1306 2717 res
1340 2658 1590 2716 occultas
1623 2665 1682 2715 et
1714 2657 1947 2735 penitus

260 2738 487 2797 abditas
513 2758 632 2796 non
661 2739 837 2798 modo
867 2739 1087 2797 viderat
1114 2739 1328 2809 anim0,
1360 2738 1457 2795 sed
1489 2738 1664 2795 etiam
1694 2738 1776 2795 sic
1805 2744 1946 2795 trac-

261 2826 363 2890 tat,
394 2827 460 2876 ut
500 2838 692 2892 manu,
725 2819 894 2877 docet
934 2838 1060 2876 eam
1104 2838 1225 2877 aese
1257 2817 1375 2875 vim
1417 2824 1477 2876 et
1516 2825 1779 2875 naturam
1812 2817 1947 2875 deo-

261 2919 406 2970 rum,
437 2907 504 2958 ut
531 2900 782 2977 primum
812 2918 930 2956 non
959 2918 1145 2970 sensu,
1178 2898 1279 2956 sed
1306 2902 1515 2956 mente‘
1530 2904 1808 2969 cernatur,
1839 2916 1944 2955 nec

260 2979 550 3038 soliditate
581 2980 826 3057 quadam
863 2997 970 3037 nec
1003 2978 1077 3036 ad
1112 2997 1431 3049 numerum,
1462 2984 1529 3035 ut
1562 2997 1645 3049 ea,
1678 2996 1822 3055 quae
1849 2975 1945 3034 ille

260 3066 498 3135 propter
518 3058 850 3117 firmitatem
874 3060 1161 3134 στερέμνια
1186 3058 1454 3136 appellat,
1475 3057 1576 3116 sed
1597 3055 1947 3134 imaginibus

261 3137 636 3195 similitudine
687 3146 746 3195 et
790 3139 1129 3195 transitione
1172 3138 1490 3215 perceptis:
1542 3156 1674 3194 cum
1720 3135 1947 3193 infinita

263 3215 680 3275 simillimamm
721 3217 1042 3293 imaginum
1082 3218 1299 3295 species
1332 3237 1401 3275 ex
1434 3214 1945 3275 innumerabilibus
