2199 3546
198 175 264 222 94
643 173 742 224 DE
775 172 1074 236 numu-A
1093 167 1431 226 DEORUM.

199 273 364 336 nimii
395 279 790 350 temperantur
816 273 1068 335 calones!
1112 273 1184 333 ab
1218 273 1425 334 iisdem
1448 273 1641 335 ctiam
1670 274 1887 335 mariti-

202 354 284 413 mi
321 372 520 412 cursus
559 353 766 413 celeres
807 361 873 412 et.
907 353 1048 412 certi
1087 353 1430 431 diriguntur.
1472 379 1481 385 ·
1515 353 1701 412 Multa
1730 371 1889 430 prae-

197 432 476 494 tereunda
500 438 638 491 sunt
665 439 724 490 et
750 439 944 490 tamen
977 432 1163 492 mul-ta
1194 434 1478 492 dicuntur.
1568 439 1711 494 132.-
1736 433 1889 502 Emit

199 513 404 572 merari
440 513 593 571 enim
635 531 752 572 non
790 519 1032 588 possunt
1055 513 1369 573 'fluminum
1406 513 1885 590 opportunitates,

198 600 388 654 aestus
411 591 686 655 maritimi
707 599 912 650 mutuo
933 592 1269 654 accedentes
1288 599 1348 652 et
1366 593 1713 668 iecedenteS,
1727 599 1889 654 mon·

197 679 285 731 tes
307 671 504 732 vestiti
523 678 696 748 atque
725 671 1024 744 silvestreS,
1045 671 1255 735 salinae
1276 671 1348 730 ab
1370 691 1472 733 ora
1490 673 1781 734 maritima
1805 691 1889 730 re·

197 752 570 822 motissimae‚
589 751 1141 812 medicamentorum
1170 750 1502 815 salutarium
1522 752 1887 829 plenissimae

197 839 396 902 terrae,
419 840 570 891 artes
602 831 851 908 deni-quc
884 828 1329 891 innumerabiles
1360 831 1441 892 ad:
1468 831 1686 894 victum
1720 839 1781 890 et
1802 832 1887 900 ad

199 912 376 970 vitam
396 912 757 972 necessariae.
779 943 782 946 ⁴
810 911 932 968 Iam
951 911 1068 970 diei
1085 911 1385 988 noctisque
1392 911 1738 970 ‘vicissitudo
1756 930 1889 968 con-

198 991 729 1054 servat-..animantes
757 989 1016 1053 tribuens
1043 990 1202 1052 alind
1228 991 1439 1067 agendi
1459 997 1707 1068 tempuS,
1724 990 1885 1052 aliud

199 1070 543 1146 quiescendi.
573 1123 580 1132 .
611 1069 726 1134 ,Sic
767 1071 1024 1148 undique
1065 1069 1243 1131 omnis
1256 1071 1485 1132 ratione
1524 1069 1888 1134 concluditur

197 1159 391 1212 mente
417 1149 773 1227 consilioque
793 1151 993 1211 divino
1021 1151 1221 1210 omnia
1238 1150 1299 1208 in
1320 1150 1433 1212 hoc
1460 1150 1681 1212 mundo
1708 1149 1785 1212 ad
1804 1169 1889 1209 sa-

197 1229 377 1289 lutem
411 1231 674 1288 omnium
707 1231 1315 1307 conservationemque
1346 1228 1762 1290 admi-rabiliter
1790 1229 1889 1287 ad-

199 1309 526 1370 ministrari.
737 1337 742 1340 ·
1408 1334 1419 1340 ·
1720 1363 1723 1368 .
1895 1380 1896 1383 ¹

284 1395 414 1447 133.
451 1389 556 1450 Sin
591 1395 826 1466 quaeret
851 1388 1141 1466 quispiam
1173 1390 1474 1451 cuiusnam
1505 1407 1675 1446 causa
1692 1394 1889 1452 -tantai

199 1489 324 1528 rum
347 1488 536 1528 rerum
559 1469 792 1528 molitio·
807 1469 964 1530 facta
988 1470 1082 1541 sit,
1101 1468 1447 1529 arborumne
1466 1475 1527 1529 et
1546 1469 1851 1533 herbarum
1868 1469 1889 1532 ἓ

199 1569 714 1626 quaequam-quam
737 1550 862 1608 'sine
889 1569 1057 1610 sensu
1083 1557 1237 1620 sunt,
1257 1557 1452 1612 tamen
1479 1569 1515 1609 a
1541 1556 1745 1612 natura
1772 1569 1890 1606 sns-

199 1630 479 1688 tinentur.-
558 1630 642 1686 At
671 1629 731 1686 id
761 1629 998 1706 quidem
1017 1629 1342 1689 absurdum
1372 1635 1473 1687 est.
1558 1628 1656 1686 An
1688 1629 1891 1686 bestia-

199 1711 364 1766 rum?
445 1708 645 1768 Nihilo
673 1709 1515 1787 probabilius.deo'smutorum
1546 1716 1605 1767 et
1631 1707 1777 1766 nihil
1804 1708 1891 1767 in·

199 1789 596 1866 tellegentium
616 1808 787 1849 cansa
806 1795 1036 1851 tantum
1057 1790 1357 1851 laborasse.
1429 1788 1690 1858 Quorum
1709 1788 1891 1867 igitur

199 1888 369 1929 causa
401 1870 530 1946 quis
563 1869 772 1930 dixerit
805 1870 1076 1929 effectum
1112 1888 1233 1926 esse
1270 1869 1553 1927 mundum
1570 1870 1592 1947 Ξ
1668 1868 1887 1930 Eorum

201 1950 418 2007 scilicet
443 1950 842 2021 animantium,
867 1968 1012 2025 quae
1045 1950 1268 2009 ratione
1300 1954 1557 2009 utuntur.
1640 1948 1727 2005 Hi
1754 1956 1891 2011 sunt

201 2029 262 2086 di
285 2035 344 2087 et
365 2028 643 2101 homineS‚
665 2029 872 2106 quibus
893 2028 1158 2105 profecto
1185 2028 1331 2087 nihil
1354 2036 1443 2087 est.
1460 2028 1697 2088 melius:
1744 2029 1888 2090 ratio

201 2116 288 2168 est
305 2109 460 2168 enim
481 2128 626 2187 quae
643 2108 1201 2186 praestet'omnibus.
1273 2108 1365 2169 Ita
1380 2108 1449 2171 fit
1466 2108 1737 2168 credibile
1753 2109 1891 2169 deo«

201 2207 330 2245 rum
351 2194 410 2244 et
428 2187 730 2246 hominum
752 2208 920 2247 causa
940 2189 1160 2247 factum
1184 2207 1303 2248 esse
1324 2189 1609 2250 mundum
1632 2206 1889 2267 quaeque

202 2268 262 2327 in
285 2263 354 2323 eo
376 2268 494 2325 sint
515 2268 724 2327 omnia.
802 2266 959 2326 LIV.
983 2268 1339 2346 Faciliusque
1360 2269 1893 2346 intellegeturadis

203 2346 622 2407 immortalibus
639 2346 970 2406 hominibus
993 2366 1115 2405 esse
1127 2350 1447 2425 provisum,
1460 2350 1509 2407 si
1527 2350 1636 2409 erit
1649 2356 1776 2410 tota
1790 2349 1891 2407 ho-

203 2426 376 2483 minis
396 2425 697 2485 fabricatio
715 2434 1012 2503 perspecta
1033 2429 1333 2506 omnisque
1350 2428 1635 2488 humanae
1656 2434 1891 2487 naturae

203 2504 388 2582 figura
414 2512 587 2583 atque
614 2506 924 2582 perfectia⁸
999 2511 1132 2565 134.
1169 2507 1321 2567 Nam
1349 2527 1483 2565 cum
1507 2507 1695 2567 tribus
1721 2508 1892 2567 rebus

204 2585 583 2651 animantium
625 2585 744 2643 vita
783 2592 1060 2658 teneatur,
1091 2586 1239 2659 cib0‚
1268 2588 1525 2664 potione,
1557 2588 1779 2664 spiritu,
1814 2588 1891 2645 ad

204 2664 344 2723 haec
372 2664 568 2743 omnia
595 2665 965 2741 percipienda
991 2686 1057 2726 os
1089 2668 1586 2744 estaptissimum,
1610 2668 1768 2745 quod
1794 2666 1893 2726 ad·-

205 2745 418 2803 iunctis
444 2744 677 2803 naribus
706 2745 911 2821 spiritu
945 2752 1201 2821 augetur.
1284 2746 1575 2805 Dentibus
1606 2753 1799 2805 autem
1827 2746 1891 2806 in

207 2843 303 2883 ore
337 2824 677 2881 constnictis
710 2824 1004 2885 manditur
1035 2832 1207 2901 atque
1240 2825 1313 2883 ab
1340 2826 1431 2883 his
1464 2832 1807 2883 extenuatur
1832 2832 1893 2887 et

205 2902 443 2959 molitur
469 2902 646 2958 cibus,
730 2902 948 2960 Eorum
974 2902 1197 2962 adversi
1218 2904 1371 2961 acuti
1398 2924 1594 2962 morsu
1622 2905 1893 2968 dividunt

157 3032 160 3035 ,
203 3000 378 3051 escas,
403 2981 596 3037 intimi
629 2986 819 3039 autem
855 2979 1169 3038 conficiunt
1196 2981 1297 3057 qui
1329 2984 1567 3057 genuini
1595 2991 1889 3055 vocantur,

207 3080 350 3137 quae
373 3060 662 3117 confectio
685 3058 860 3115 etiam
881 3076 916 3113 a
935 3057 1133 3132 lingua
1152 3060 1410 3117 adiuvari
1430 3060 1672 3119 videtur.
1755 3069 1889 3123 135:

207 3140 492 3215 Linguam
525 3143 715 3211 ‘antem
749 3136 822 3191 ad
857 3135 1074 3193 radices
1106 3137 1230 3193 eius
1262 3137 1501 3195 haerens
1532 3140 1750 3215 excipit
1778 3140 1893 3199 stoi-

206 3218 458 3288 machus,
479 3224 596 3294 quo·
616 3216 868 3293 primum
889 3212 1205 3279 illabuntut
1228 3234 1311 3288 ea,
1332 3234 1480 3292 quae
1498 3226 1737 3295 accepta
1757 3228 1893 3281 sunt
