2199 3546
635 165 780 216 Lm.
801 167 870 226 L,
889 164 1383 228 cAr.1x.-X1.‚§
1408 168 1588 216 22-28.
1898 169 1962 218 ιε

280 281 526 350 possunt
545 290 666 328 esse
695 269 816 327 sine
843 287 1014 326 sensu
1041 275 1102 326 et
1118 273 1328 338 mente,
1348 287 1451 326 cur
1476 287 1657 346 aquae
1680 261 1961 343 [mentem,

279 370 518 408 mentem
544 357 735 406 autem
755 345 964 426 aquae]
986 348 1267 419 adiunxit,
1291 348 1341 408 si
1368 348 1493 425 ipsa
1512 367 1677 406 mens
1702 355 1963 407 constare

279 439 476 508 potest
505 449 710 489 vacans
736 430 1012 507 corporei
1091 428 1511 486 Anaximandri
1538 435 1735 487 autem
1761 429 1962 508 opinio

279 519 371 570 est
397 512 624 570 nativos
651 529 774 569 esse
799 510 942 568 deos
968 509 1159 586 longis
1190 509 1503 568 intervallis
1537 509 1787 568 orientes
1818 509 1962 566 occi-

279 593 613 670 dentesque,
645 609 857 668 eosque
883 587 1331 649 innumerabiles
1358 608 1479 646 esse
1501 588 1763 646 mundos.
1848 587 1965 646 Sed

279 692 388 730 nos
431 671 602 730 deum
643 671 757 728 nisi
797 670 1213 747 sempiternum
1257 667 1585 745 intellegere
1628 668 1729 746 qui
1768 687 1965 746 possu-

279 753 447 809 mus?
529 757 622 809 26.
649 751 793 808 Post
819 750 1205 808 Anaximenes
1231 755 1365 806 aera
1385 748 1558 806 deum
1588 749 1790 806 statuit
1811 767 1965 806 eum-

280 851 392 908 que
420 831 584 908 gigni
613 849 847 907 esseque
874 830 1221 887 immensum
1249 837 1307 886 et
1334 826 1627 886 infinitum
1655 835 1715 885 et
1742 847 1965 906 semper

279 911 347 968 in·
391 918 573 978 motu,
605 912 767 988 quasi
813 917 914 966 aut
959 913 1058 966 aer
1099 909 1225 966 sine
1266 908 1385 966 ulla
1425 909 1617 966 forma
1658 909 1801 966 deus
1844 927 1964 966 esse

277 993 480 1068 possit,
501 1009 631 1048 cum
668 989 1002 1067 praesertim
1043 988 1217 1046 deum
1260 1007 1377 1045 non
1419 989 1597 1046 modo
1638 988 1843 1066 aliqua,
1864 988 1963 1046 sed

278 1070 664 1149 pulcherrima
695 1069 886 1147 speeie
911 1069 1113 1127 deceat
1144 1087 1283 1139 esse,
1307 1076 1409 1126 aut
1440 1087 1556 1126 non
1587 1087 1775 1140 omne,
1806 1067 1966 1146 quod

279 1159 470 1208 ortum
499 1151 593 1220 sit,
613 1150 934 1208 mortaiitas
960 1155 1355 1227 consequatur.
1433 1148 1539 1206 XI.
1576 1147 1719 1206 Inde
1740 1148 1967 1206 Anaxa-

277 1249 464 1308 goras,
489 1232 587 1308 qui
616 1231 837 1308 aceepit
863 1229 936 1287 ab
959 1229 1319 1287 Anaximene
1346 1227 1725 1306 disciplinam,
1744 1229 1965 1306 primus

277 1311 541 1369 omnium
575 1330 764 1369 rerum
793 1309 1241 1387 descriptionem
1274 1317 1335 1366 et
1366 1309 1603 1366 modum
1638 1310 1851 1368 mentis
1882 1309 1966 1365 in-

277 1390 474 1449 finitae
501 1392 560 1448 vi
601 1409 668 1448 ac
709 1391 933 1448 ratione
973 1389 1263 1466 designari
1303 1396 1365 1446 et
1404 1388 1614 1447 confici.
1642 1388 1860 1447 voluit:
1904 1389 1965 1446 in

279 1489 394 1549 quo
422 1489 540 1529 non
564 1471 712 1529 vidit
736 1489 923 1548 neque
942 1476 1171 1528 motum
1200 1469 1390 1526 sensui
1409 1470 1671 1528 iunctum
1700 1477 1761 1527 et
1787 1469 1967 1526 conti-

276 1558 512 1609 nentem
553 1552 614 1609 in
655 1550 884 1608 infinito
925 1549 1106 1608 ullum
1142 1569 1263 1608 esse
1295 1567 1480 1627 posse,
1512 1567 1697 1626 neque
1734 1567 1965 1606 sensum

277 1631 532 1703 omnin0,
558 1649 674 1709 quo
702 1649 820 1689 non
849 1630 974 1708 ipsa
999 1637 1203 1688 natura
1228 1628 1393 1707 pulsa
1418 1630 1669 1688 sentiret.
1738 1628 1966 1686 Deinde

277 1711 328 1768 si
367 1718 618 1769 mentem
660 1711 831 1770 istam
875 1711 1037 1789 quasi
1081 1709 1293 1768 animal
1334 1709 1569 1788 aliquod
1600 1707 1785 1768 voluit
1826 1728 1963 1782 esse,

261 1791 387 1849 rerit
419 1791 638 1870 aliquid
664 1792 920 1862 interim,
941 1811 1011 1849 ex
1044 1811 1160 1868 quo
1188 1790 1333 1849 illud
1373 1790 1583 1848 animal
1616 1791 1961 1849 nominetur.

277 1870 432 1939 Quid
459 1880 649 1930 autem
673 1872 916 1930 interius
935 1872 1168 1929 mente?
1227 1870 1511 1947 Cingatur
1529 1870 1709 1947 igitur
1726 1890 1965 1948 corpore

277 1958 529 2009 externo.
599 1952 692 2010 27.
730 1951 904 2021 Quod
933 1952 1207 2028 quoniam
1234 1970 1353 2008 non
1380 1951 1585 2028 placet,
1610 1958 1808 2027 aperta
1834 1952 1965 2009 sim-

277 2031 524 2109 plexque
564 2050 728 2089 mens
768 2031 926 2088 nulla
965 2050 1024 2087 re
1067 2030 1339 2088 adiuncta
1379 2050 1493 2107 qua
1533 2031 1743 2088 sentire
1780 2032 1964 2108 possit

277 2112 480 2188 fugere
519 2111 946 2189 intellegentiae
978 2118 1207 2168 nostrae
1238 2110 1356 2167 vim
1393 2117 1453 2166 et
1485 2110 1782 2167 notionem
1810 2110 1965 2168 vide-

277 2199 388 2249 tur.
472 2192 838 2250 Crotoniates
878 2198 1070 2249 autem
1099 2189 1396 2261 Alcmae0,
1423 2190 1523 2266 qui
1563 2189 1672 2247 soli
1704 2197 1764 2247 et
1794 2189 1963 2248 lunae

276 2270 624 2349 reliquisque
651 2271 934 2329 sideribus
959 2271 1269 2348 animoque
1286 2276 1580 2347 praeterea
1599 2269 1962 2327 divinitatem

275 2350 454 2421 dedit,
475 2371 592 2409 non
627 2352 804 2410 sensit
837 2371 960 2409 sese
993 2350 1333 2409 mortalibus
1366 2350 1535 2408 rebus
1568 2349 1963 2408 immortalita-

261 2438 395 2489 -tem
418 2431 569 2490 dare.
627 2431 685 2489 N
685 2451 778 2489 am
802 2431 1181 2509 PythagoraS,
1203 2431 1299 2508 qui
1322 2430 1546 2489 censuit
1566 2430 1823 2488 animum
1842 2450 1963 2488 esse

273 2531 379 2590 per
417 2519 682 2570 naturam
723 2530 912 2570 rerum
954 2530 1187 2569 omnem
1219 2512 1511 2569 intentum
1543 2517 1603 2569 et
1642 2529 1965 2569 commean-

273 2600 412 2664 tem,
437 2611 508 2649 ex
542 2611 658 2673 quo
685 2592 868 2650 nostri
901 2592 1082 2649 animi
1115 2598 1494 2668 carperentur,
1518 2608 1635 2648 non
1673 2590 1820 2648 vidit
1852 2590 1964 2647 dis-

274 2672 558 2731 tractione
585 2672 966 2730 humanorum
1002 2671 1329 2729 animorum
1362 2670 1610 2747 discerpi
1643 2678 1703 2728 et
1730 2669 1963 2727 lacerari

275 2752 449 2811 deum
495 2758 569 2824 et,
600 2772 733 2811 eum
774 2752 970 2809 miseri
1013 2751 1193 2809 animi
1240 2759 1445 2820 essent,
1479 2751 1635 2827 quod
1675 2748 1963 2828 plerisque

273 2832 654 2909 contingeret,
675 2840 800 2891 tum
826 2832 918 2890 dei
937 2838 1159 2909 partem
1182 2850 1305 2889 esse
1323 2830 1589 2888 miseram
1612 2848 1625 2887 :
1663 2830 1819 2906 quod
1840 2828 1963 2887 fieri

273 2930 391 2970 non
414 2918 623 2989 potest.
697 2918 790 2970 28.
828 2912 946 2969 Cur
971 2918 1166 2970 autem
1190 2910 1505 2988 quidquam
1535 2910 1825 2985 ignoraret
1845 2909 1995 2966 ani-⁶

271 3012 404 3050 mus
431 2992 700 3063 hominiS‚
725 2992 775 3049 si
801 2998 950 3049 esset
981 2991 1161 3049 deus?
1242 2989 1371 3059 Quo
1406 2989 1582 3047 modo
1616 3007 1789 3065 porro
1821 2988 1963 3045 deus

271 3072 398 3144 iste,
421 3072 469 3129 si
498 3072 643 3129 nihil
665 3078 814 3130 esset
842 3071 954 3128 nisi
981 3071 1225 3141 animm,
1250 3076 1351 3127 aut
1379 3068 1587 3125 infixus
1614 3075 1714 3125 aut
1734 3067 1963 3125 infusus

272 3160 424 3210 esset
456 3152 516 3209 in
551 3152 810 3211 mundo?
883 3151 1033 3210 Tum
1068 3149 1477 3227 Xenophane-⁶3,
1503 3148 1607 3225 qui
1639 3155 1834 3207 mente
1866 3148 1963 3206 ad-

271 3233 470 3293 iuncta
510 3251 684 3292 omne
724 3239 1033 3311 praeterea,
1059 3230 1220 3312 quod
1252 3235 1410 3301 ‚esset
1444 3227 1757 3301 infinitum,
1786 3226 1963 3287 deum
