<?xml version="1.0" encoding="UTF-8"?>
<!DOCTYPE html PUBLIC "-//W3C//DTD XHTML 1.0 Transitional//EN"
    "http://www.w3.org/TR/xhtml1/DTD/xhtml1-transitional.dtd">
<html xmlns="http://www.w3.org/1999/xhtml" xml:lang="en" lang="en">
 <head>
  <title>
</title>
<meta http-equiv="Content-Type" content="text/html;charset=utf-8" />
  <meta name='ocr-system' content='tesseract 3.04.00' />
  <meta name='ocr-capabilities' content='ocr_page ocr_carea ocr_par ocr_line ocrx_word'/>
</head>
<body>
  <div class='ocr_page' id='page_1' title='image "./denaturadeorumd00cicegoog_0248.png"; bbox 0 0 2199 3546; ppageno 0'>
   <div class='ocr_carea' id='block_1_1' title="bbox 268 118 1431 170">
    <p class='ocr_par' dir='ltr' id='par_1_1' title="bbox 268 118 1431 170">
     <span class='ocr_line' id='line_1_1' title="bbox 268 118 1431 170; baseline 0 -1"><span class='ocrx_word' id='word_1_1' title='bbox 268 122 368 169; x_wconf 76' lang='lat'>238</span> <span class='ocrx_word' id='word_1_2' title='bbox 623 140 630 149; x_wconf 91' lang='lat'><strong>·</strong></span> <span class='ocrx_word' id='word_1_3' title='bbox 799 120 899 170; x_wconf 86' lang='lat' dir='ltr'>DE</span> <span class='ocrx_word' id='word_1_4' title='bbox 932 118 1431 170; x_wconf 82' lang='lat' dir='ltr'>DIVINATIONE.</span> 
     </span>
    </p>
   </div>
   <div class='ocr_carea' id='block_1_2' title="bbox 270 220 1967 539">
    <p class='ocr_par' dir='ltr' id='par_1_2' title="bbox 270 220 1967 539">
     <span class='ocr_line' id='line_1_2' title="bbox 271 220 1961 299; baseline -0.001 -20"><span class='ocrx_word' id='word_1_5' title='bbox 271 221 534 281; x_wconf 90' lang='lat' dir='ltr'>Primum</span> <span class='ocrx_word' id='word_1_6' title='bbox 556 221 760 281; x_wconf 77' lang='lat' dir='ltr'><strong>Latine</strong></span> <span class='ocrx_word' id='word_1_7' title='bbox 782 220 998 299; x_wconf 85' lang='lat' dir='ltr'>Apollo</span> <span class='ocrx_word' id='word_1_8' title='bbox 1019 240 1337 299; x_wconf 77' lang='lat' dir='ltr'><strong>numquam</strong></span> <span class='ocrx_word' id='word_1_9' title='bbox 1359 220 1586 279; x_wconf 88' lang='lat' dir='ltr'>locutus</span> <span class='ocrx_word' id='word_1_10' title='bbox 1613 226 1717 279; x_wconf 91' lang='lat' dir='ltr'>est.</span> <span class='ocrx_word' id='word_1_11' title='bbox 1785 220 1961 279; x_wconf 87' lang='lat' dir='ltr'>Dein·</span> 
     </span>
     <span class='ocr_line' id='line_1_3' title="bbox 272 298 1965 377; baseline -0.002 -17"><span class='ocrx_word' id='word_1_12' title='bbox 272 302 345 360; x_wconf 90' lang='lat' dir='ltr'>de</span> <span class='ocrx_word' id='word_1_13' title='bbox 377 301 488 359; x_wconf 84' lang='lat' dir='ltr'>ista</span> <span class='ocrx_word' id='word_1_14' title='bbox 521 321 643 359; x_wconf 88' lang='lat' dir='ltr'>sors</span> <span class='ocrx_word' id='word_1_15' title='bbox 675 301 938 359; x_wconf 89' lang='lat' dir='ltr'>inaudita</span> <span class='ocrx_word' id='word_1_16' title='bbox 969 300 1203 359; x_wconf 83' lang='lat' dir='ltr'>Graecis</span> <span class='ocrx_word' id='word_1_17' title='bbox 1234 307 1337 359; x_wconf 91' lang='lat' dir='ltr'>est.</span> <span class='ocrx_word' id='word_1_18' title='bbox 1421 300 1725 357; x_wconf 88' lang='lat' dir='ltr'>Praeterea</span> <span class='ocrx_word' id='word_1_19' title='bbox 1750 298 1965 377; x_wconf 84' lang='lat' dir='ltr'><strong>Pyrrhi</strong></span> 
     </span>
     <span class='ocr_line' id='line_1_4' title="bbox 270 379 1967 459; baseline -0.001 -20"><span class='ocrx_word' id='word_1_20' title='bbox 270 381 633 459; x_wconf 83' lang='lat' dir='ltr'>temporibus</span> <span class='ocrx_word' id='word_1_21' title='bbox 654 380 770 439; x_wconf 86' lang='lat' dir='ltr'>iam</span> <span class='ocrx_word' id='word_1_22' title='bbox 799 380 1015 459; x_wconf 86' lang='lat' dir='ltr'>Apollo</span> <span class='ocrx_word' id='word_1_23' title='bbox 1043 400 1239 439; x_wconf 88' lang='lat' dir='ltr'>versus</span> <span class='ocrx_word' id='word_1_24' title='bbox 1259 381 1447 438; x_wconf 85' lang='lat' dir='ltr'>facere</span> <span class='ocrx_word' id='word_1_25' title='bbox 1468 379 1729 437; x_wconf 78' lang='lat' dir='ltr'><strong>desierat.</strong></span> <span class='ocrx_word' id='word_1_26' title='bbox 1798 380 1967 438; x_wconf 80' lang='lat' dir='ltr'>Post-</span> 
     </span>
     <span class='ocr_line' id='line_1_5' title="bbox 271 459 1928 539; baseline -0.002 -19"><span class='ocrx_word' id='word_1_27' title='bbox 271 481 447 533; x_wconf 90' lang='lat' dir='ltr'>rem0,</span> <span class='ocrx_word' id='word_1_28' title='bbox 475 480 821 539; x_wconf 87' lang='lat' dir='ltr'>quamquam</span> <span class='ocrx_word' id='word_1_29' title='bbox 851 480 1076 538; x_wconf 83' lang='lat' dir='ltr'>semper</span> <span class='ocrx_word' id='word_1_30' title='bbox 1104 461 1237 532; x_wconf 86' lang='lat' dir='ltr'>fuit,</span> <span class='ocrx_word' id='word_1_31' title='bbox 1258 467 1327 518; x_wconf 84' lang='lat' dir='ltr'>ut</span> <span class='ocrx_word' id='word_1_32' title='bbox 1356 460 1511 537; x_wconf 86' lang='lat' dir='ltr'>apud</span> <span class='ocrx_word' id='word_1_33' title='bbox 1541 459 1795 517; x_wconf 89' lang='lat' dir='ltr'>Ennium</span> <span class='ocrx_word' id='word_1_34' title='bbox 1824 466 1928 533; x_wconf 89' lang='lat' dir='ltr'>est,</span> 
     </span>
    </p>
   </div>
   <div class='ocr_carea' id='block_1_3' title="bbox 452 590 1787 720">
    <p class='ocr_par' dir='ltr' id='par_1_3' title="bbox 452 590 1787 720">
     <span class='ocr_line' id='line_1_6' title="bbox 455 590 1787 652; baseline -0.002 -11"><span class='ocrx_word' id='word_1_35' title='bbox 455 628 468 641; x_wconf 88' lang='lat'>.</span> <span class='ocrx_word' id='word_1_36' title='bbox 591 628 603 640; x_wconf 92' lang='lat'><strong>.</strong></span> <span class='ocrx_word' id='word_1_37' title='bbox 726 628 739 640; x_wconf 90' lang='lat'><em>.</em></span> <span class='ocrx_word' id='word_1_38' title='bbox 859 626 872 639; x_wconf 90' lang='lat'><strong>.</strong></span> <span class='ocrx_word' id='word_1_39' title='bbox 997 592 1234 640; x_wconf 88' lang='lat' dir='ltr'>stolidum</span> <span class='ocrx_word' id='word_1_40' title='bbox 1254 606 1409 652; x_wconf 85' lang='lat' dir='ltr'>genus</span> <span class='ocrx_word' id='word_1_41' title='bbox 1431 590 1787 652; x_wconf 79' lang='lat' dir='ltr'><strong>Aeacidarum,</strong></span> 
     </span>
     <span class='ocr_line' id='line_1_7' title="bbox 452 656 1777 720; baseline 0 -15"><span class='ocrx_word' id='word_1_42' title='bbox 452 656 812 720; x_wconf 73' lang='lat' dir='ltr'>Bellipotentes</span> <span class='ocrx_word' id='word_1_43' title='bbox 833 662 948 705; x_wconf 86' lang='lat' dir='ltr'>sunt</span> <span class='ocrx_word' id='word_1_44' title='bbox 969 657 1130 717; x_wconf 83' lang='lat' dir='ltr'>magis</span> <span class='ocrx_word' id='word_1_45' title='bbox 1153 670 1301 719; x_wconf 86' lang='lat' dir='ltr'>quam</span> <span class='ocrx_word' id='word_1_46' title='bbox 1325 656 1777 719; x_wconf 85' lang='lat' dir='ltr'>sapientipotentes,</span> 
     </span>
    </p>
   </div>
   <div class='ocr_carea' id='block_1_4' title="bbox 269 775 2001 3243">
    <p class='ocr_par' dir='ltr' id='par_1_4' title="bbox 269 775 2001 3243">
     <span class='ocr_line' id='line_1_8' title="bbox 269 775 1963 855; baseline -0.001 -19"><span class='ocrx_word' id='word_1_47' title='bbox 269 784 466 836; x_wconf 90' lang='lat' dir='ltr'>tamen</span> <span class='ocrx_word' id='word_1_48' title='bbox 506 777 656 835; x_wconf 87' lang='lat' dir='ltr'>hanc</span> <span class='ocrx_word' id='word_1_49' title='bbox 697 776 1113 855; x_wconf 83' lang='lat' dir='ltr'>amphiboliam</span> <span class='ocrx_word' id='word_1_50' title='bbox 1154 795 1350 835; x_wconf 88' lang='lat' dir='ltr'>versus</span> <span class='ocrx_word' id='word_1_51' title='bbox 1380 775 1713 855; x_wconf 80' lang='lat' dir='ltr'>intellegere</span> <span class='ocrx_word' id='word_1_52' title='bbox 1746 777 1963 853; x_wconf 89' lang='lat' dir='ltr'>potuis-</span> 
     </span>
     <span class='ocr_line' id='line_1_9' title="bbox 271 856 1963 935; baseline 0.001 -20"><span class='ocrx_word' id='word_1_53' title='bbox 271 864 375 928; x_wconf 87' lang='lat' dir='ltr'>set,</span> <span class='ocrx_word' id='word_1_54' title='bbox 403 858 437 885; x_wconf 94' lang='lat'><strong>“</strong></span> <span class='ocrx_word' id='word_1_55' title='bbox 457 856 680 915; x_wconf 87' lang='lat' dir='ltr'>vincere</span> <span class='ocrx_word' id='word_1_56' title='bbox 707 863 766 915; x_wconf 88' lang='lat' dir='ltr'>te</span> <span class='ocrx_word' id='word_1_57' title='bbox 793 856 1091 915; x_wconf 87' lang='lat' dir='ltr'>Romanos</span> <span class='ocrx_word' id='word_1_58' title='bbox 1110 856 1143 885; x_wconf 92' lang='lat'>”</span> <span class='ocrx_word' id='word_1_59' title='bbox 1179 856 1362 915; x_wconf 88' lang='lat' dir='ltr'>nihilo</span> <span class='ocrx_word' id='word_1_60' title='bbox 1393 857 1581 933; x_wconf 88' lang='lat' dir='ltr'>magis</span> <span class='ocrx_word' id='word_1_61' title='bbox 1610 857 1671 915; x_wconf 92' lang='lat' dir='ltr'>in</span> <span class='ocrx_word' id='word_1_62' title='bbox 1700 876 1760 915; x_wconf 89' lang='lat' dir='ltr'>se</span> <span class='ocrx_word' id='word_1_63' title='bbox 1790 876 1963 935; x_wconf 87' lang='lat' dir='ltr'>quam</span> 
     </span>
     <span class='ocr_line' id='line_1_10' title="bbox 271 935 1965 1014; baseline 0 -20"><span class='ocrx_word' id='word_1_64' title='bbox 271 937 332 994; x_wconf 88' lang='lat' dir='ltr'>in</span> <span class='ocrx_word' id='word_1_65' title='bbox 353 936 648 995; x_wconf 87' lang='lat' dir='ltr'>Romanos</span> <span class='ocrx_word' id='word_1_66' title='bbox 669 936 868 995; x_wconf 85' lang='lat' dir='ltr'>valere.</span> <span class='ocrx_word' id='word_1_67' title='bbox 947 936 1098 995; x_wconf 90' lang='lat' dir='ltr'>Nam</span> <span class='ocrx_word' id='word_1_68' title='bbox 1121 936 1219 995; x_wconf 88' lang='lat' dir='ltr'>illa</span> <span class='ocrx_word' id='word_1_69' title='bbox 1237 935 1607 1014; x_wconf 82' lang='lat' dir='ltr'>amphibolia,</span> <span class='ocrx_word' id='word_1_70' title='bbox 1626 956 1773 1013; x_wconf 88' lang='lat' dir='ltr'>quae</span> <span class='ocrx_word' id='word_1_71' title='bbox 1794 936 1965 995; x_wconf 89' lang='lat' dir='ltr'>Croe-</span> 
     </span>
     <span class='ocr_line' id='line_1_11' title="bbox 271 1016 1962 1094; baseline 0.001 -21"><span class='ocrx_word' id='word_1_72' title='bbox 271 1036 401 1075; x_wconf 85' lang='lat' dir='ltr'>sum</span> <span class='ocrx_word' id='word_1_73' title='bbox 434 1016 680 1093; x_wconf 80' lang='lat' dir='ltr'>decepit,</span> <span class='ocrx_word' id='word_1_74' title='bbox 710 1016 798 1074; x_wconf 88' lang='lat' dir='ltr'>vel</span> <span class='ocrx_word' id='word_1_75' title='bbox 833 1016 1227 1094; x_wconf 87' lang='lat' dir='ltr'>Chrysippum</span> <span class='ocrx_word' id='word_1_76' title='bbox 1260 1016 1545 1093; x_wconf 87' lang='lat' dir='ltr'>potuisset</span> <span class='ocrx_word' id='word_1_77' title='bbox 1578 1016 1791 1088; x_wconf 78' lang='lat' dir='ltr'>fallere,</span> <span class='ocrx_word' id='word_1_78' title='bbox 1821 1016 1962 1075; x_wconf 84' lang='lat' dir='ltr'>haec</span> 
     </span>
     <span class='ocr_line' id='line_1_12' title="bbox 273 1095 1963 1174; baseline 0 -19"><span class='ocrx_word' id='word_1_79' title='bbox 273 1115 407 1155; x_wconf 91' lang='lat' dir='ltr'>vero</span> <span class='ocrx_word' id='word_1_80' title='bbox 428 1114 500 1153; x_wconf 92' lang='lat' dir='ltr'>ne</span> <span class='ocrx_word' id='word_1_81' title='bbox 523 1095 837 1173; x_wconf 83' lang='lat' dir='ltr'>Epicurum</span> <span class='ocrx_word' id='word_1_82' title='bbox 868 1096 1119 1174; x_wconf 90' lang='lat' dir='ltr'>quidem.</span> <span class='ocrx_word' id='word_1_83' title='bbox 1204 1096 1388 1155; x_wconf 91' lang='lat' dir='ltr'><strong>LVII.</strong></span> <span class='ocrx_word' id='word_1_84' title='bbox 1470 1096 1601 1155; x_wconf 82' lang='lat'>11¹7.</span> <span class='ocrx_word' id='word_1_85' title='bbox 1648 1096 1779 1167; x_wconf 86' lang='lat' dir='ltr'>Sed,</span> <span class='ocrx_word' id='word_1_86' title='bbox 1805 1098 1963 1174; x_wconf 87' lang='lat' dir='ltr'>quod</span> 
     </span>
     <span class='ocr_line' id='line_1_13' title="bbox 273 1175 1961 1255; baseline 0.001 -22"><span class='ocrx_word' id='word_1_87' title='bbox 273 1182 447 1252; x_wconf 89' lang='lat' dir='ltr'>caput</span> <span class='ocrx_word' id='word_1_88' title='bbox 486 1183 588 1245; x_wconf 88' lang='lat' dir='ltr'>est,</span> <span class='ocrx_word' id='word_1_89' title='bbox 613 1194 714 1233; x_wconf 88' lang='lat' dir='ltr'>cur</span> <span class='ocrx_word' id='word_1_90' title='bbox 751 1175 866 1232; x_wconf 89' lang='lat' dir='ltr'>isto</span> <span class='ocrx_word' id='word_1_91' title='bbox 909 1176 1088 1234; x_wconf 91' lang='lat' dir='ltr'>modo</span> <span class='ocrx_word' id='word_1_92' title='bbox 1132 1176 1249 1233; x_wconf 89' lang='lat' dir='ltr'>iam</span> <span class='ocrx_word' id='word_1_93' title='bbox 1293 1177 1519 1234; x_wconf 85' lang='lat' dir='ltr'>oracula</span> <span class='ocrx_word' id='word_1_94' title='bbox 1556 1176 1803 1255; x_wconf 85' lang='lat' dir='ltr'>Delphis</span> <span class='ocrx_word' id='word_1_95' title='bbox 1842 1194 1961 1234; x_wconf 91' lang='lat' dir='ltr'>non</span> 
     </span>
     <span class='ocr_line' id='line_1_14' title="bbox 273 1254 1961 1328; baseline 0.001 -15"><span class='ocrx_word' id='word_1_96' title='bbox 273 1254 538 1325; x_wconf 87' lang='lat' dir='ltr'>eduntur,</span> <span class='ocrx_word' id='word_1_97' title='bbox 569 1273 685 1312; x_wconf 90' lang='lat' dir='ltr'>non</span> <span class='ocrx_word' id='word_1_98' title='bbox 726 1256 906 1313; x_wconf 92' lang='lat' dir='ltr'>modo</span> <span class='ocrx_word' id='word_1_99' title='bbox 937 1263 1139 1313; x_wconf 88' lang='lat' dir='ltr'>nostra</span> <span class='ocrx_word' id='word_1_100' title='bbox 1178 1263 1380 1328; x_wconf 82' lang='lat' dir='ltr'>aetate,</span> <span class='ocrx_word' id='word_1_101' title='bbox 1412 1257 1514 1314; x_wconf 89' lang='lat' dir='ltr'>sed</span> <span class='ocrx_word' id='word_1_102' title='bbox 1545 1257 1661 1315; x_wconf 87' lang='lat' dir='ltr'>iam</span> <span class='ocrx_word' id='word_1_103' title='bbox 1695 1256 1813 1328; x_wconf 87' lang='lat' dir='ltr'>diu,</span> <span class='ocrx_word' id='word_1_104' title='bbox 1844 1256 1961 1314; x_wconf 87' lang='lat' dir='ltr'>iam</span> 
     </span>
     <span class='ocr_line' id='line_1_15' title="bbox 274 1334 1961 1413; baseline 0 -20"><span class='ocrx_word' id='word_1_105' title='bbox 274 1341 341 1393; x_wconf 88' lang='lat' dir='ltr'>ut</span> <span class='ocrx_word' id='word_1_106' title='bbox 366 1334 512 1393; x_wconf 89' lang='lat' dir='ltr'>nihil</span> <span class='ocrx_word' id='word_1_107' title='bbox 532 1334 718 1412; x_wconf 87' lang='lat' dir='ltr'>possit</span> <span class='ocrx_word' id='word_1_108' title='bbox 737 1354 860 1393; x_wconf 89' lang='lat' dir='ltr'>esse</span> <span class='ocrx_word' id='word_1_109' title='bbox 887 1336 1315 1413; x_wconf 64' lang='lat' dir='ltr'>contemptius?</span> <span class='ocrx_word' id='word_1_110' title='bbox 1396 1336 1529 1395; x_wconf 92' lang='lat' dir='ltr'>Hoc</span> <span class='ocrx_word' id='word_1_111' title='bbox 1556 1336 1684 1395; x_wconf 92' lang='lat' dir='ltr'>loco</span> <span class='ocrx_word' id='word_1_112' title='bbox 1713 1356 1846 1395; x_wconf 88' lang='lat' dir='ltr'>cum</span> <span class='ocrx_word' id='word_1_113' title='bbox 1873 1356 1961 1394; x_wconf 88' lang='lat' dir='ltr'>ur·</span> 
     </span>
     <span class='ocr_line' id='line_1_16' title="bbox 271 1415 1961 1493; baseline 0.001 -20"><span class='ocrx_word' id='word_1_114' title='bbox 271 1421 497 1493; x_wconf 86' lang='lat' dir='ltr'>gentur,</span> <span class='ocrx_word' id='word_1_115' title='bbox 522 1415 818 1474; x_wconf 81' lang='lat' dir='ltr'>evanuisse</span> <span class='ocrx_word' id='word_1_116' title='bbox 851 1415 1014 1474; x_wconf 89' lang='lat' dir='ltr'>aiunt</span> <span class='ocrx_word' id='word_1_117' title='bbox 1041 1421 1325 1475; x_wconf 86' lang='lat' dir='ltr'>vetustate</span> <span class='ocrx_word' id='word_1_118' title='bbox 1353 1416 1471 1473; x_wconf 87' lang='lat' dir='ltr'>vim</span> <span class='ocrx_word' id='word_1_119' title='bbox 1504 1416 1619 1475; x_wconf 92' lang='lat' dir='ltr'>loci</span> <span class='ocrx_word' id='word_1_120' title='bbox 1632 1416 1784 1488; x_wconf 70' lang='lat' dir='ltr'>xeius,</span> <span class='ocrx_word' id='word_1_121' title='bbox 1806 1416 1961 1475; x_wconf 89' lang='lat' dir='ltr'>unde</span> 
     </span>
     <span class='ocr_line' id='line_1_17' title="bbox 273 1494 1963 1573; baseline 0 -19"><span class='ocrx_word' id='word_1_122' title='bbox 273 1495 560 1554; x_wconf 84' lang='lat' dir='ltr'>anhelitus</span> <span class='ocrx_word' id='word_1_123' title='bbox 587 1494 684 1554; x_wconf 90' lang='lat' dir='ltr'>ille</span> <span class='ocrx_word' id='word_1_124' title='bbox 710 1502 894 1555; x_wconf 88' lang='lat' dir='ltr'>terrae</span> <span class='ocrx_word' id='word_1_125' title='bbox 921 1494 1099 1569; x_wconf 89' lang='lat' dir='ltr'>fieret,</span> <span class='ocrx_word' id='word_1_126' title='bbox 1124 1515 1239 1573; x_wconf 91' lang='lat' dir='ltr'>quo</span> <span class='ocrx_word' id='word_1_127' title='bbox 1262 1495 1479 1573; x_wconf 87' lang='lat' dir='ltr'>Pythia</span> <span class='ocrx_word' id='word_1_128' title='bbox 1504 1502 1698 1554; x_wconf 90' lang='lat' dir='ltr'>mente</span> <span class='ocrx_word' id='word_1_129' title='bbox 1724 1496 1963 1556; x_wconf 86' lang='lat' dir='ltr'>incitata</span> 
     </span>
     <span class='ocr_line' id='line_1_18' title="bbox 274 1575 1958 1654; baseline 0.001 -21"><span class='ocrx_word' id='word_1_130' title='bbox 274 1576 503 1634; x_wconf 87' lang='lat' dir='ltr'>oracula</span> <span class='ocrx_word' id='word_1_131' title='bbox 529 1576 738 1635; x_wconf 86' lang='lat' dir='ltr'>ederet.</span> <span class='ocrx_word' id='word_1_132' title='bbox 821 1575 914 1635; x_wconf 90' lang='lat' dir='ltr'>De</span> <span class='ocrx_word' id='word_1_133' title='bbox 943 1576 1078 1633; x_wconf 92' lang='lat' dir='ltr'>vino</span> <span class='ocrx_word' id='word_1_134' title='bbox 1107 1584 1206 1635; x_wconf 89' lang='lat' dir='ltr'>aut</span> <span class='ocrx_word' id='word_1_135' title='bbox 1228 1576 1568 1635; x_wconf 85' lang='lat' dir='ltr'>salsamento</span> <span class='ocrx_word' id='word_1_136' title='bbox 1591 1583 1760 1654; x_wconf 86' lang='lat' dir='ltr'>putes</span> <span class='ocrx_word' id='word_1_137' title='bbox 1780 1576 1958 1654; x_wconf 91' lang='lat' dir='ltr'>loqui,</span> 
     </span>
     <span class='ocr_line' id='line_1_19' title="bbox 275 1655 1961 1734; baseline 0.001 -21"><span class='ocrx_word' id='word_1_138' title='bbox 275 1675 420 1733; x_wconf 91' lang='lat' dir='ltr'>quae</span> <span class='ocrx_word' id='word_1_139' title='bbox 453 1662 799 1715; x_wconf 86' lang='lat' dir='ltr'>evanescunt</span> <span class='ocrx_word' id='word_1_140' title='bbox 831 1662 1129 1715; x_wconf 86' lang='lat' dir='ltr'>vetustate.</span> <span class='ocrx_word' id='word_1_141' title='bbox 1213 1655 1307 1713; x_wconf 91' lang='lat' dir='ltr'>De</span> <span class='ocrx_word' id='word_1_142' title='bbox 1334 1656 1390 1714; x_wconf 89' lang='lat' dir='ltr'>vi</span> <span class='ocrx_word' id='word_1_143' title='bbox 1418 1656 1530 1715; x_wconf 90' lang='lat' dir='ltr'>loci</span> <span class='ocrx_word' id='word_1_144' title='bbox 1558 1657 1750 1734; x_wconf 86' lang='lat' dir='ltr'>agitur</span> <span class='ocrx_word' id='word_1_145' title='bbox 1776 1675 1961 1734; x_wconf 88' lang='lat' dir='ltr'>neque</span> 
     </span>
     <span class='ocr_line' id='line_1_20' title="bbox 275 1735 1962 1816; baseline 0 -22"><span class='ocrx_word' id='word_1_146' title='bbox 275 1736 461 1796; x_wconf 91' lang='lat' dir='ltr'>solum</span> <span class='ocrx_word' id='word_1_147' title='bbox 505 1736 768 1808; x_wconf 83' lang='lat' dir='ltr'>naturali,</span> <span class='ocrx_word' id='word_1_148' title='bbox 797 1736 900 1796; x_wconf 90' lang='lat' dir='ltr'>sed</span> <span class='ocrx_word' id='word_1_149' title='bbox 940 1736 1116 1796; x_wconf 85' lang='lat' dir='ltr'>etiam</span> <span class='ocrx_word' id='word_1_150' title='bbox 1154 1735 1365 1809; x_wconf 85' lang='lat' dir='ltr'>divina,</span> <span class='ocrx_word' id='word_1_151' title='bbox 1398 1755 1543 1816; x_wconf 87' lang='lat' dir='ltr'>quae</span> <span class='ocrx_word' id='word_1_152' title='bbox 1578 1755 1692 1816; x_wconf 91' lang='lat' dir='ltr'>quo</span> <span class='ocrx_word' id='word_1_153' title='bbox 1725 1736 1962 1796; x_wconf 86' lang='lat' dir='ltr'>tandem</span> 
     </span>
     <span class='ocr_line' id='line_1_21' title="bbox 272 1816 1962 1896; baseline 0.001 -21"><span class='ocrx_word' id='word_1_154' title='bbox 272 1817 451 1875; x_wconf 89' lang='lat' dir='ltr'>modo</span> <span class='ocrx_word' id='word_1_155' title='bbox 485 1818 755 1877; x_wconf 65' lang='lat' dir='ltr'>evanuit?</span> <span class='ocrx_word' id='word_1_156' title='bbox 835 1816 1160 1889; x_wconf 84' lang='lat' dir='ltr'>Vetustate,</span> <span class='ocrx_word' id='word_1_157' title='bbox 1191 1818 1429 1896; x_wconf 69' lang='lat' dir='ltr'>inquies</span> <span class='ocrx_word' id='word_1_158' title='bbox 1516 1817 1676 1886; x_wconf 83' lang='lat' dir='ltr'>Quae</span> <span class='ocrx_word' id='word_1_159' title='bbox 1708 1825 1962 1876; x_wconf 88' lang='lat' dir='ltr'>vetustas</span> 
     </span>
     <span class='ocr_line' id='line_1_22' title="bbox 274 1897 1964 1976; baseline 0.001 -21"><span class='ocrx_word' id='word_1_160' title='bbox 274 1905 363 1955; x_wconf 88' lang='lat' dir='ltr'>est</span> <span class='ocrx_word' id='word_1_161' title='bbox 391 1916 536 1975; x_wconf 89' lang='lat' dir='ltr'>quae</span> <span class='ocrx_word' id='word_1_162' title='bbox 562 1897 681 1956; x_wconf 90' lang='lat' dir='ltr'>vim</span> <span class='ocrx_word' id='word_1_163' title='bbox 709 1898 965 1957; x_wconf 86' lang='lat' dir='ltr'>divinam</span> <span class='ocrx_word' id='word_1_164' title='bbox 993 1897 1272 1957; x_wconf 89' lang='lat' dir='ltr'>conficere</span> <span class='ocrx_word' id='word_1_165' title='bbox 1298 1897 1521 1976; x_wconf 67' lang='lat' dir='ltr'>possit?</span> <span class='ocrx_word' id='word_1_166' title='bbox 1561 1899 1703 1976; x_wconf 91' lang='lat' dir='ltr'>quid</span> <span class='ocrx_word' id='word_1_167' title='bbox 1728 1905 1849 1957; x_wconf 88' lang='lat' dir='ltr'>tam</span> <span class='ocrx_word' id='word_1_168' title='bbox 1878 1899 1964 1956; x_wconf 87' lang='lat' dir='ltr'>di-</span> 
     </span>
     <span class='ocr_line' id='line_1_23' title="bbox 273 1977 1965 2057; baseline 0.001 -22"><span class='ocrx_word' id='word_1_169' title='bbox 273 1977 472 2036; x_wconf 86' lang='lat' dir='ltr'>vinum</span> <span class='ocrx_word' id='word_1_170' title='bbox 501 1984 693 2037; x_wconf 87' lang='lat' dir='ltr'>autem</span> <span class='ocrx_word' id='word_1_171' title='bbox 724 1999 898 2057; x_wconf 87' lang='lat' dir='ltr'>quam</span> <span class='ocrx_word' id='word_1_172' title='bbox 925 1978 1171 2038; x_wconf 85' lang='lat' dir='ltr'>adflatus</span> <span class='ocrx_word' id='word_1_173' title='bbox 1199 1998 1267 2037; x_wconf 88' lang='lat' dir='ltr'>ex</span> <span class='ocrx_word' id='word_1_174' title='bbox 1294 1986 1446 2037; x_wconf 82' lang='lat' dir='ltr'>terra</span> <span class='ocrx_word' id='word_1_175' title='bbox 1464 1986 1719 2038; x_wconf 87' lang='lat' dir='ltr'>mentem</span> <span class='ocrx_word' id='word_1_176' title='bbox 1740 1980 1823 2037; x_wconf 88' lang='lat' dir='ltr'>ita</span> <span class='ocrx_word' id='word_1_177' title='bbox 1845 1998 1965 2037; x_wconf 91' lang='lat' dir='ltr'>mo-</span> 
     </span>
     <span class='ocr_line' id='line_1_24' title="bbox 273 2058 1963 2136; baseline 0.001 -21"><span class='ocrx_word' id='word_1_178' title='bbox 273 2076 428 2131; x_wconf 87' lang='lat' dir='ltr'>vens,</span> <span class='ocrx_word' id='word_1_179' title='bbox 451 2064 520 2116; x_wconf 90' lang='lat' dir='ltr'>ut</span> <span class='ocrx_word' id='word_1_180' title='bbox 551 2077 675 2116; x_wconf 90' lang='lat' dir='ltr'>eam</span> <span class='ocrx_word' id='word_1_181' title='bbox 709 2059 1010 2136; x_wconf 84' lang='lat' dir='ltr'>providam</span> <span class='ocrx_word' id='word_1_182' title='bbox 1043 2079 1234 2117; x_wconf 89' lang='lat' dir='ltr'>rerum</span> <span class='ocrx_word' id='word_1_183' title='bbox 1275 2059 1601 2118; x_wconf 83' lang='lat' dir='ltr'>futurarum</span> <span class='ocrx_word' id='word_1_184' title='bbox 1642 2058 1866 2129; x_wconf 86' lang='lat' dir='ltr'>efficiat,</span> <span class='ocrx_word' id='word_1_185' title='bbox 1896 2065 1963 2116; x_wconf 90' lang='lat' dir='ltr'>ut</span> 
     </span>
     <span class='ocr_line' id='line_1_25' title="bbox 275 2139 1962 2211; baseline 0.001 -16"><span class='ocrx_word' id='word_1_186' title='bbox 275 2156 343 2195; x_wconf 90' lang='lat' dir='ltr'>ea</span> <span class='ocrx_word' id='word_1_187' title='bbox 373 2157 492 2196; x_wconf 88' lang='lat' dir='ltr'>non</span> <span class='ocrx_word' id='word_1_188' title='bbox 525 2139 703 2196; x_wconf 92' lang='lat' dir='ltr'>modo</span> <span class='ocrx_word' id='word_1_189' title='bbox 745 2146 940 2197; x_wconf 87' lang='lat' dir='ltr'>cernat</span> <span class='ocrx_word' id='word_1_190' title='bbox 970 2140 1159 2198; x_wconf 90' lang='lat' dir='ltr'>multo</span> <span class='ocrx_word' id='word_1_191' title='bbox 1200 2145 1348 2211; x_wconf 88' lang='lat' dir='ltr'>ante,</span> <span class='ocrx_word' id='word_1_192' title='bbox 1380 2139 1483 2197; x_wconf 89' lang='lat' dir='ltr'>sed</span> <span class='ocrx_word' id='word_1_193' title='bbox 1514 2139 1690 2197; x_wconf 86' lang='lat' dir='ltr'>etiam</span> <span class='ocrx_word' id='word_1_194' title='bbox 1722 2158 1962 2197; x_wconf 89' lang='lat' dir='ltr'>numero</span> 
     </span>
     <span class='ocr_line' id='line_1_26' title="bbox 277 2217 1964 2294; baseline 0.001 -20"><span class='ocrx_word' id='word_1_195' title='bbox 277 2236 554 2294; x_wconf 88' lang='lat' dir='ltr'>versuque</span> <span class='ocrx_word' id='word_1_196' title='bbox 573 2217 946 2294; x_wconf 65' lang='lat' dir='ltr'>pronuntiet?</span> <span class='ocrx_word' id='word_1_197' title='bbox 1017 2219 1266 2289; x_wconf 84' lang='lat' dir='ltr'>Quando</span> <span class='ocrx_word' id='word_1_198' title='bbox 1292 2226 1487 2278; x_wconf 87' lang='lat' dir='ltr'>autem</span> <span class='ocrx_word' id='word_1_199' title='bbox 1506 2219 1619 2278; x_wconf 86' lang='lat' dir='ltr'>ista</span> <span class='ocrx_word' id='word_1_200' title='bbox 1644 2220 1731 2278; x_wconf 85' lang='lat' dir='ltr'>vis</span> <span class='ocrx_word' id='word_1_201' title='bbox 1758 2238 1964 2278; x_wconf 89' lang='lat' dir='ltr'>evanu-</span> 
     </span>
     <span class='ocr_line' id='line_1_27' title="bbox 276 2295 1964 2374; baseline 0.002 -21"><span class='ocrx_word' id='word_1_202' title='bbox 276 2297 357 2354; x_wconf 67' lang='lat' dir='ltr'>it?</span> <span class='ocrx_word' id='word_1_203' title='bbox 438 2295 534 2354; x_wconf 85' lang='lat' dir='ltr'>An</span> <span class='ocrx_word' id='word_1_204' title='bbox 568 2304 878 2374; x_wconf 85' lang='lat' dir='ltr'>postquam</span> <span class='ocrx_word' id='word_1_205' title='bbox 912 2298 1178 2357; x_wconf 86' lang='lat' dir='ltr'>homines</span> <span class='ocrx_word' id='word_1_206' title='bbox 1208 2299 1402 2357; x_wconf 89' lang='lat' dir='ltr'>minus</span> <span class='ocrx_word' id='word_1_207' title='bbox 1434 2299 1651 2359; x_wconf 86' lang='lat' dir='ltr'>creduli</span> <span class='ocrx_word' id='word_1_208' title='bbox 1684 2319 1806 2358; x_wconf 87' lang='lat' dir='ltr'>esse</span> <span class='ocrx_word' id='word_1_209' title='bbox 1838 2319 1964 2357; x_wconf 92' lang='lat' dir='ltr'>coe-</span> 
     </span>
     <span class='ocr_line' id='line_1_28' title="bbox 277 2376 1964 2458; baseline 0.002 -25"><span class='ocrx_word' id='word_1_210' title='bbox 277 2377 519 2453; x_wconf 68' lang='lat' dir='ltr'>perunt?</span> <span class='ocrx_word' id='word_1_211' title='bbox 604 2381 734 2435; x_wconf 88' lang='lat'>118.</span> <span class='ocrx_word' id='word_1_212' title='bbox 779 2376 1204 2437; x_wconf 88' lang='lat' dir='ltr'>Demosthenes</span> <span class='ocrx_word' id='word_1_213' title='bbox 1232 2379 1484 2457; x_wconf 89' lang='lat' dir='ltr'>quidem,</span> <span class='ocrx_word' id='word_1_214' title='bbox 1511 2380 1608 2458; x_wconf 91' lang='lat' dir='ltr'>qui</span> <span class='ocrx_word' id='word_1_215' title='bbox 1630 2379 1839 2440; x_wconf 88' lang='lat' dir='ltr'>abhinc</span> <span class='ocrx_word' id='word_1_216' title='bbox 1868 2399 1964 2436; x_wconf 87' lang='lat' dir='ltr'>an·</span> 
     </span>
     <span class='ocr_line' id='line_1_29' title="bbox 279 2457 1965 2537; baseline 0.002 -25"><span class='ocrx_word' id='word_1_217' title='bbox 279 2475 384 2512; x_wconf 92' lang='lat' dir='ltr'>nos</span> <span class='ocrx_word' id='word_1_218' title='bbox 410 2474 592 2534; x_wconf 89' lang='lat' dir='ltr'>prope</span> <span class='ocrx_word' id='word_1_219' title='bbox 620 2474 733 2515; x_wconf 83' lang='lat' dir='ltr'>ccc</span> <span class='ocrx_word' id='word_1_220' title='bbox 761 2457 897 2530; x_wconf 84' lang='lat' dir='ltr'>fuit,</span> <span class='ocrx_word' id='word_1_221' title='bbox 921 2457 1036 2516; x_wconf 85' lang='lat' dir='ltr'>iam</span> <span class='ocrx_word' id='word_1_222' title='bbox 1057 2465 1185 2517; x_wconf 89' lang='lat' dir='ltr'>tum</span> <span class='ocrx_word' id='word_1_223' title='bbox 1212 2461 1555 2537; x_wconf 78' lang='grc' dir='ltr'>φιλιππίζειν</span> <span class='ocrx_word' id='word_1_224' title='bbox 1573 2459 1851 2536; x_wconf 85' lang='lat' dir='ltr'>Pythiam</span> <span class='ocrx_word' id='word_1_225' title='bbox 1880 2459 1965 2516; x_wconf 89' lang='lat' dir='ltr'>di·</span> 
     </span>
     <span class='ocr_line' id='line_1_30' title="bbox 277 2535 1963 2618; baseline 0.002 -25"><span class='ocrx_word' id='word_1_226' title='bbox 277 2535 458 2606; x_wconf 89' lang='lat' dir='ltr'>cebat,</span> <span class='ocrx_word' id='word_1_227' title='bbox 481 2535 544 2595; x_wconf 93' lang='lat' dir='ltr'>id</span> <span class='ocrx_word' id='word_1_228' title='bbox 570 2543 674 2608; x_wconf 90' lang='lat' dir='ltr'>est,</span> <span class='ocrx_word' id='word_1_229' title='bbox 695 2537 857 2614; x_wconf 88' lang='lat' dir='ltr'>quasi</span> <span class='ocrx_word' id='word_1_230' title='bbox 878 2556 1010 2596; x_wconf 90' lang='lat' dir='ltr'>cum</span> <span class='ocrx_word' id='word_1_231' title='bbox 1032 2537 1310 2618; x_wconf 90' lang='lat' dir='ltr'>Philippo</span> <span class='ocrx_word' id='word_1_232' title='bbox 1331 2539 1535 2597; x_wconf 83' lang='lat' dir='ltr'>facere.</span> <span class='ocrx_word' id='word_1_233' title='bbox 1613 2539 1747 2598; x_wconf 89' lang='lat' dir='ltr'>Hoc</span> <span class='ocrx_word' id='word_1_234' title='bbox 1768 2552 1963 2598; x_wconf 87' lang='lat' dir='ltr'>autem</span> 
     </span>
     <span class='ocr_line' id='line_1_31' title="bbox 277 2615 1961 2698; baseline 0.003 -26"><span class='ocrx_word' id='word_1_235' title='bbox 277 2633 346 2672; x_wconf 89' lang='lat' dir='ltr'>eo</span> <span class='ocrx_word' id='word_1_236' title='bbox 381 2615 694 2691; x_wconf 88' lang='lat' dir='ltr'>spectabat,</span> <span class='ocrx_word' id='word_1_237' title='bbox 723 2622 792 2674; x_wconf 90' lang='lat' dir='ltr'>ut</span> <span class='ocrx_word' id='word_1_238' title='bbox 823 2636 950 2676; x_wconf 85' lang='lat' dir='ltr'>eam</span> <span class='ocrx_word' id='word_1_239' title='bbox 983 2637 1019 2676; x_wconf 89' lang='lat' dir='ltr'>a</span> <span class='ocrx_word' id='word_1_240' title='bbox 1051 2618 1330 2698; x_wconf 89' lang='lat' dir='ltr'>Philippo</span> <span class='ocrx_word' id='word_1_241' title='bbox 1366 2626 1696 2696; x_wconf 87' lang='lat' dir='ltr'>corruptam</span> <span class='ocrx_word' id='word_1_242' title='bbox 1730 2619 1961 2677; x_wconf 89' lang='lat' dir='ltr'>diceret.</span> 
     </span>
     <span class='ocr_line' id='line_1_32' title="bbox 275 2693 1965 2777; baseline 0.002 -25"><span class='ocrx_word' id='word_1_243' title='bbox 275 2693 407 2763; x_wconf 84' lang='lat' dir='ltr'>Quo</span> <span class='ocrx_word' id='word_1_244' title='bbox 434 2695 571 2754; x_wconf 87' lang='lat' dir='ltr'>licet</span> <span class='ocrx_word' id='word_1_245' title='bbox 597 2696 921 2755; x_wconf 86' lang='lat' dir='ltr'>existimare</span> <span class='ocrx_word' id='word_1_246' title='bbox 947 2697 1008 2755; x_wconf 93' lang='lat' dir='ltr'>in</span> <span class='ocrx_word' id='word_1_247' title='bbox 1036 2697 1165 2756; x_wconf 90' lang='lat' dir='ltr'>aliis</span> <span class='ocrx_word' id='word_1_248' title='bbox 1192 2718 1421 2777; x_wconf 89' lang='lat' dir='ltr'>quoque</span> <span class='ocrx_word' id='word_1_249' title='bbox 1454 2698 1698 2756; x_wconf 86' lang='lat' dir='ltr'>oraculis</span> <span class='ocrx_word' id='word_1_250' title='bbox 1724 2697 1965 2776; x_wconf 87' lang='lat' dir='ltr'>Delphi-</span> 
     </span>
     <span class='ocr_line' id='line_1_33' title="bbox 277 2773 1965 2856; baseline 0.003 -25"><span class='ocrx_word' id='word_1_251' title='bbox 277 2774 358 2831; x_wconf 89' lang='lat' dir='ltr'>cis</span> <span class='ocrx_word' id='word_1_252' title='bbox 385 2773 605 2852; x_wconf 84' lang='lat' dir='ltr'>aliquid</span> <span class='ocrx_word' id='word_1_253' title='bbox 630 2794 749 2832; x_wconf 89' lang='lat' dir='ltr'>non</span> <span class='ocrx_word' id='word_1_254' title='bbox 777 2777 980 2834; x_wconf 83' lang='lat' dir='ltr'>sinceri</span> <span class='ocrx_word' id='word_1_255' title='bbox 1002 2777 1196 2836; x_wconf 84' lang='lat' dir='ltr'>fuisse.</span> <span class='ocrx_word' id='word_1_256' title='bbox 1281 2778 1397 2836; x_wconf 89' lang='lat' dir='ltr'>Sed</span> <span class='ocrx_word' id='word_1_257' title='bbox 1417 2779 1611 2836; x_wconf 87' lang='lat' dir='ltr'>nescio</span> <span class='ocrx_word' id='word_1_258' title='bbox 1641 2797 1757 2856; x_wconf 90' lang='lat' dir='ltr'>quo</span> <span class='ocrx_word' id='word_1_259' title='bbox 1783 2777 1965 2836; x_wconf 93' lang='lat' dir='ltr'>modo</span> 
     </span>
     <span class='ocr_line' id='line_1_34' title="bbox 277 2852 1967 2936; baseline 0.002 -25"><span class='ocrx_word' id='word_1_260' title='bbox 277 2852 374 2912; x_wconf 87' lang='lat' dir='ltr'>isti</span> <span class='ocrx_word' id='word_1_261' title='bbox 401 2853 735 2933; x_wconf 90' lang='lat' dir='ltr'>philosophi</span> <span class='ocrx_word' id='word_1_262' title='bbox 763 2857 1146 2933; x_wconf 86' lang='lat' dir='ltr'>superstitiosi</span> <span class='ocrx_word' id='word_1_263' title='bbox 1174 2865 1233 2916; x_wconf 86' lang='lat' dir='ltr'>et</span> <span class='ocrx_word' id='word_1_264' title='bbox 1260 2877 1441 2935; x_wconf 87' lang='lat' dir='ltr'>paene</span> <span class='ocrx_word' id='word_1_265' title='bbox 1468 2858 1706 2916; x_wconf 84' lang='lat' dir='ltr'>fanatici</span> <span class='ocrx_word' id='word_1_266' title='bbox 1736 2857 1967 2936; x_wconf 84' lang='lat' dir='ltr'>quidvis</span> 
     </span>
     <span class='ocr_line' id='line_1_35' title="bbox 276 2933 1968 3014; baseline 0.002 -24"><span class='ocrx_word' id='word_1_267' title='bbox 276 2933 444 2992; x_wconf 88' lang='lat' dir='ltr'>malle</span> <span class='ocrx_word' id='word_1_268' title='bbox 471 2933 742 3002; x_wconf 86' lang='lat' dir='ltr'>videntur</span> <span class='ocrx_word' id='word_1_269' title='bbox 761 2954 932 3013; x_wconf 86' lang='lat' dir='ltr'>quam</span> <span class='ocrx_word' id='word_1_270' title='bbox 962 2955 1022 2994; x_wconf 90' lang='lat' dir='ltr'>se</span> <span class='ocrx_word' id='word_1_271' title='bbox 1049 2956 1168 2994; x_wconf 89' lang='lat' dir='ltr'>non</span> <span class='ocrx_word' id='word_1_272' title='bbox 1189 2938 1432 3014; x_wconf 78' lang='lat' dir='ltr'>ineptos,</span> <span class='ocrx_word' id='word_1_273' title='bbox 1511 2937 1821 2996; x_wconf 86' lang='lat' dir='ltr'>Evanuisse</span> <span class='ocrx_word' id='word_1_274' title='bbox 1850 2955 1968 2994; x_wconf 90' lang='lat' dir='ltr'>ma-</span> 
     </span>
     <span class='ocr_line' id='line_1_36' title="bbox 277 3012 2001 3096; baseline 0.002 -26"><span class='ocrx_word' id='word_1_275' title='bbox 277 3012 450 3071; x_wconf 85' lang='lat' dir='ltr'>vultis</span> <span class='ocrx_word' id='word_1_276' title='bbox 481 3019 542 3071; x_wconf 90' lang='lat' dir='ltr'>et</span> <span class='ocrx_word' id='word_1_277' title='bbox 573 3014 922 3074; x_wconf 83' lang='lat' dir='ltr'>exstinctum</span> <span class='ocrx_word' id='word_1_278' title='bbox 961 3035 1083 3074; x_wconf 88' lang='lat' dir='ltr'>esse</span> <span class='ocrx_word' id='word_1_279' title='bbox 1117 3015 1197 3089; x_wconf 91' lang='lat' dir='ltr'>id,</span> <span class='ocrx_word' id='word_1_280' title='bbox 1229 3016 1401 3094; x_wconf 91' lang='lat' dir='ltr'>quod,</span> <span class='ocrx_word' id='word_1_281' title='bbox 1434 3017 1483 3075; x_wconf 92' lang='lat' dir='ltr'>si</span> <span class='ocrx_word' id='word_1_282' title='bbox 1514 3036 1791 3096; x_wconf 90' lang='lat' dir='ltr'>umquam</span> <span class='ocrx_word' id='word_1_283' title='bbox 1824 3017 1967 3074; x_wconf 84' lang='lat' dir='ltr'>fuis-</span> <span class='ocrx_word' id='word_1_284' title='bbox 1988 3063 2001 3074; x_wconf 82' lang='grc'>,</span> 
     </span>
     <span class='ocr_line' id='line_1_37' title="bbox 277 3098 1966 3175; baseline 0.003 -26"><span class='ocrx_word' id='word_1_285' title='bbox 277 3098 380 3162; x_wconf 89' lang='lat' dir='ltr'>set,</span> <span class='ocrx_word' id='word_1_286' title='bbox 410 3099 562 3151; x_wconf 86' lang='lat' dir='ltr'>certe</span> <span class='ocrx_word' id='word_1_287' title='bbox 606 3101 902 3153; x_wconf 80' lang='lat' dir='ltr'>aeternum</span> <span class='ocrx_word' id='word_1_288' title='bbox 946 3102 1112 3170; x_wconf 88' lang='lat' dir='ltr'>esset,</span> <span class='ocrx_word' id='word_1_289' title='bbox 1144 3115 1316 3174; x_wconf 88' lang='lat' dir='ltr'>quam</span> <span class='ocrx_word' id='word_1_290' title='bbox 1360 3115 1445 3170; x_wconf 88' lang='lat' dir='ltr'>ea,</span> <span class='ocrx_word' id='word_1_291' title='bbox 1475 3115 1621 3175; x_wconf 88' lang='lat' dir='ltr'>quae</span> <span class='ocrx_word' id='word_1_292' title='bbox 1664 3115 1784 3156; x_wconf 88' lang='lat' dir='ltr'>non</span> <span class='ocrx_word' id='word_1_293' title='bbox 1829 3102 1966 3155; x_wconf 85' lang='lat' dir='ltr'>sunt</span> 
     </span>
     <span class='ocr_line' id='line_1_38' title="bbox 277 3170 985 3243; baseline 0.014 -18"><span class='ocrx_word' id='word_1_294' title='bbox 277 3170 574 3243; x_wconf 85' lang='lat' dir='ltr'>credenda,</span> <span class='ocrx_word' id='word_1_295' title='bbox 597 3191 716 3232; x_wconf 91' lang='lat' dir='ltr'>non</span> <span class='ocrx_word' id='word_1_296' title='bbox 743 3173 985 3234; x_wconf 85' lang='lat' dir='ltr'>credere.</span> 
     </span>
    </p>
   </div>
  </div>
 </body>
</html>
