2199 3546
213 155 282 209 80
419 166 426 171 ’
651 152 758 202 DE·
779 150 1092 205 ,NATURA
1130 150 1453 201 DEORUM.

214 254 477 313 cursione
504 254 784 313 fortuita?
865 254 998 311 Hoc
1027 254 1129 331 qui
1156 254 1447 311 existimat
1472 252 1597 311 fieri
1625 253 1905 330 potuisse,—

215 354 332 393 non
365 334 638 411 intellego
681 354 782 391 cur
823 354 939 391 non
975 334 1129 391 idem
1157 342 1341 410 putet,
1375 334 1423 390 si
1456 334 1903 392 innumerabiles

213 415 384 472 unius
411 422 471 473 et
491 415 698 492 viginti
718 415 940 471 formae
969 413 1285 471 litterarum
1309 413 1398 471 vel
1427 432 1629 471 aureae
1649 414 1739 471 vel
1769 434 1903 491 qua-

213 493 435 552 leslibet
469 494 662 571 aliquo
696 494 1025 564 coiciantur,
1048 512 1217 569 posse
1252 513 1322 551 ex
1354 493 1447 551 his
1476 494 1537 551 in
1572 500 1777 551 terram
1811 514 1903 551 ex-

213 575 391 631 cussis
421 574 654 633 annales
685 574 878 643 Ennii,
898 580 965 631 ut
999 572 1271 650 deinceps
1302 573 1418 650 legi
1450 574 1694 650 possint,
1716 573 1899 632 effici:

213 654 372 731 quod
405 655 596 712 nescio
631 673 704 711 au
740 673 810 711 ne
844 654 904 711 in
943 672 1060 710 uno
1093 654 1329 730 quidem
1364 672 1529 711 versu
1563 654 1747 731 possit
1778 661 1901 712 tan-

211 741 338 792 tum
371 734 556 794 valere
597 734 846 791 fortuna.
935 738 1026 791 94.
1066 732 1173 790 Isti
1214 740 1404 791 autem
1450 752 1623 811 quem
1664 733 1739 791 ad
1778 753 1903 792 mo-

211 814 353 871 dum
380 814 732 885 adseverant,
752 833 823 870 ex
845 813 1196 889 corpusculis
1216 832 1333 870 non
1356 811 1564 886 colore,
1584 832 1701 871 non
1724 814 1902 890 quali·

211 900 330 951 tate
363 894 568 970 aliqua,
595 912 766 971 quam
799 894 1056 961 ποιότητα
1090 893 1294 951 Graeci
1329 900 1552 965 vocant,
1576 913 1694 951 non
1728 913 1899 953 sensu

210 974 501 1051 praeditis,
519 973 620 1031 sed
639 972 1111 1031 concurrentibus
1132 981 1346 1031 temere
1374 981 1547 1051 atque
1574 992 1709 1041 casu
1737 993 1901 1031 mun-

211 1053 350 1111 dum
373 1072 494 1111 esse
515 1054 854 1130 perfectum,
871 1053 961 1111 vel
979 1052 1423 1111 innumerabiles
1438 1054 1637 1130 potius
1653 1054 1713 1110 in
1736 1054 1901 1113 omni

210 1140 428 1209 puncto
455 1133 735 1209 temporis
761 1133 904 1192 alios
931 1134 1103 1204 nasci,
1128 1132 1271 1191 alios
1297 1134 1569 1191 interire?
1648 1132 1817 1202 Quod
1838 1135 1899 1191 -si

209 1213 494 1277 mundum
515 1212 735 1271 efficere
751 1219 946 1290 potest
962 1232 1271 1271 concursus
1292 1220 1637 1285 atomorum,
1652 1232 1755 1271 cur
1769 1233 1901 1289 por-

209 1294 408 1365 ticum,
427 1312 528 1351 cur
547 1291 848 1370 templum,
869 1312 971 1351 cur
995 1293 1255 1365 domum,
1275 1312 1377 1350 cur
1402 1292 1601 1350 urbem
1633 1312 1750 1350 non
1772 1302 1901 1371 pot—

193 1374 334 1431 est?
376 1392 520 1451 quae
562 1384 697 1435 sunt
727 1374 920 1430 minus
954 1392 1197 1450 operosa
1236 1380 1295 1431 et
1326 1372 1513 1430 multo
1548 1373 1779 1450 quidem
1814 1374 1901 1432 fa-

209 1453 420 1511 ciliora.
489 1453 660 1511 Certe
679 1453 764 1511 ita
785 1459 1000 1511 temere
1019 1453 1093 1511 de
1121 1453 1341 1510 mundo
1363 1452 1653 1524 effutiunt,
1665 1461 1731 1512 ut
1752 1453 1899 1512 mihi

210 1533 443 1611 quidem
479 1553 792 1611 numquam
823 1533 976 1591 hunc
1010 1532 1405 1590 admirabilem
1440 1532 1581 1591 caeli
1610 1536 1895 1608 ornatum,

210 1614 310 1690 qui
352 1613 510 1671 locus
552 1620 639 1671 est
679 1614 990 1691 proximuS,
1027 1613 1347 1690 suspexisse
1389 1612 1703 1671 videantur.
1801 1620 1894 1674 95.

196 1692 504 1751 Praeclare
531 1712 668 1769 ergo
692 1693 1066 1751 Aristoteles:
1111 1692 1228 1750 “Si
1257 1692 1493 1751 essent”
1524 1693 1716 1770 inquit
1742 1694 1779 1723 “
1798 1696 1899 1771 qui

210 1773 316 1832 sub
359 1783 509 1832 terra
551 1794 777 1852 semper
818 1772 1232 1832 habitavissent
1272 1772 1440 1831 bonis
1482 1781 1541 1831 et
1582 1772 1899 1833 illustribus

209 1854 532 1930 domiciliiS,
564 1874 708 1933 quae
749 1862 939 1912 essent
980 1862 1183 1912 ornata
1223 1854 1403 1930 signis
1444 1861 1616 1932 atque
1658 1855 1899 1931 picturis

207 1931 596 2012 instructaque
630 1934 798 1992 rebus
831 1935 902 1992 iis
944 1934 1231 2006 omnibuS‚
1264 1933 1472 2010 quibus
1504 1933 1802 1993 abundant
1835 1936 1895 2009 ii,

209 2015 308 2093 qui
341 2015 495 2073 beati
529 2021 821 2092 putantur,
851 2033 955 2072 nec
988 2022 1183 2074 tamen
1218 2015 1467 2072 exissent
1498 2032 1774 2092 umquam
1810 2035 1907 2074 suc

207 2114 312 2172 pra
339 2103 563 2172 terram,
587 2095 938 2172 accepissent
967 2103 1162 2153 autem
1182 2094 1341 2172 fama
1368 2100 1427 2152 et
1449 2094 1745 2153 auditione
1774 2115 1897 2154 esse

208 2175 501 2252 quoddam
529 2194 741 2232 numen
773 2183 832 2232 et
858 2174 976 2232 vim
1006 2175 1266 2248 deorum,
1290 2171 1499 2232 deinde
1532 2175 1727 2252 aliquo
1754 2183 1899 2234 tem-

205 2275 344 2332 pore
366 2255 671 2332 patefactis
693 2262 873 2312 terrae
895 2254 1161 2312 faucibus
1189 2274 1256 2313 ex
1280 2255 1395 2312 illis
1422 2254 1637 2313 abditis
1666 2255 1899 2314 sedibus

206 2335 442 2395 evadere
470 2335 529 2391 in
563 2335 698 2392 haec
728 2334 868 2404 loca,
888 2354 1034 2412 quae
1059 2353 1168 2398 nos
1196 2335 1517 2405 incolimuS,
1542 2343 1715 2413 atque
1744 2335 1899 2394 exire

205 2415 560 2492 potuissent:
603 2433 738 2472 cum
767 2422 1000 2490 repente
1026 2422 1235 2472 terram
1267 2423 1327 2473 et
1354 2415 1533 2473 maria
1559 2416 1901 2494 caelumque

206 2495 498 2567 vidissent,
530 2493 770 2552 nubium
813 2495 1273 2572 magnitudinem
1319 2504 1734 2573 ventorumque
1775 2498 1895 2553 vim

204 2574 608 2652 cognovissent
629 2575 1094 2654 aspexissentque
1118 2575 1295 2633 solem
1320 2576 1553 2653 eiusque
1582 2595 1714 2634 cum
1742 2595 1898 2652 mag-

205 2655 528 2712 nitudinem
551 2654 1153 2733 pulchritudinemque
1176 2664 1301 2714 tum
1326 2655 1499 2714 etiam
1530 2655 1895 2714 efficientiam

203 2735 624 2810 cognovissent,
649 2735 806 2812 quod
839 2735 888 2792 is
930 2735 1085 2794 diem
1128 2735 1377 2794 efficeret
1410 2744 1537 2794 toto
1580 2736 1737 2793 caelo
1771 2736 1896 2794 luce

202 2813 430 2886 diffusa,
453 2835 586 2872 cum
614 2822 807 2874 autem
835 2822 1014 2874 terras
1042 2835 1157 2873 nox
1186 2824 1498 2893 opacasset,
1519 2822 1643 2873 tum
1674 2815 1894 2874 caelum

202 2901 394 2950 totum
427 2902 722 2956 cernerent
750 2895 916 2953 astris
946 2894 1287 2953 distinctum
1322 2905 1382 2954 et
1409 2903 1676 2954 ornatum
1706 2894 1897 2953 lunae·

202 2991 316 3051 que
357 2973 642 3032 luminum
676 2975 1004 3033 varietatem
1042 2981 1169 3032 tum
1214 2976 1535 3047 crescentis,
1569 2983 1696 3034 tum
1740 2993 1897 3034 sene-

201 3054 429 3125 scentis,
452 3073 765 3131 eorumque
793 3053 1053 3112 omnium
1085 3061 1245 3112 ortus
1278 3062 1336 3112 et
1366 3073 1598 3112 occasus
1632 3062 1806 3133 atque
1832 3056 1895 3113 in

203 3132 363 3190 omni
391 3135 726 3192 aeternitate
753 3141 908 3192 ratos
935 3134 1439 3212 immutabilesque
1472 3153 1702 3194 cursus:
1750 3155 1895 3212 quae

201 3231 334 3275 cnm
358 3213 634 3296 viderent,
649 3214 911 3291 profecto
939 3221 1141 3279 ctesse
1164 3216 1303 3274 deos
1331 3224 1391 3276 ct
1408 3215 1547 3279 haec
1570 3223 1735 3278 tauta
1764 3235 1895 3293 ope-
