2199 3546
569 161 709 210 LIB.
737 161 838 222 11..
859 152 1404 222 ‘.CA1’.,XI11.—X·V.‚‚
1426 158 1457 221 ἐ
1479 161 1661 210 36-42.
1894 165 1959 212 61

265 279 344 326 ne
360 261 558 320 virtus
617 260 850 330 Quanto
866 261 1044 338 igitur
1061 261 1362 323 inmundo
1374 261 1634 321 facilins!
1695 260 1802 319 Est
1822 281 1961 338 ergo

264 342 330 400 in
359 361 430 400 eo
452 341 668 401 virtusz
711 341 940 418 sapiens
967 349 1054 399 est
1081 340 1261 418 igitur
1287 347 1346 398 et
1373 351 1677 418 propterea
1703 341 1859 400 deus.

364 421 501 482 XV.
546 421 746 498 Atque
787 421 894 481 hac
935 421 1142 478 mundi
1178 421 1484 479 divinitate
1526 429 1824 499 perspecta
1863 422 1962 480 tri-

263 501 500 560 buenda
527 509 614 563 cst
643 501 924 560 sideribus
951 501 1153 560 eadem
1182 501 1470 572 divinitae„
1496 520 1641 578 quae
1675 521 1745 560 ex
1778 501 1961 564 mobie

265 582 488 646 lissima
512 580 933 659 purissimaque
961 581 1397 658 aetheris-'parte
1418 581 1754 658 gignuntur,
1774 601 1961 659 neque.

266 661 385 719 ulla
405 669 705 740 *praeterea
733 669 869 719 sunt
895 660 1155 720 admixta
1182 669 1649 739 natura·t0taque
1678 669 1812 720 sunt
1832 662 1963 719 cali-

266 742 346 802 da
377 750 550 820 atque
567 741 892 820 perlucida,
923 749 990 800 ut
1023 761 1092 800 ca
1134 761 1362 820 quoque
1404 741 1719 800 rectissime
1752 750 1811 799 et
1844 742 1960 798 ani-

265 823 490 880 mantia
509 841 630 880 esse
647 829 714 880 et*
731 822 942 882 sentire
963 828 1139 898 atque
1159 821 1489 899 intellegere
1511 821 1789 884 dicantur.
1861 827 1955 880 40.

265 901 468 980 Atque
491 921 578 960 ·-ea
619 902 856 979 quidem'
888 908 1014 964 tota
1047 921 1168 960 esse
1202 901 1373 978 ignea
1403 901 1653 960 duorum
1688 920 1957 960 sensuum

265 982 606 1040 testimonio
634 980 960 1042 confirmari
987 981 1295 1042 Cleanthes
1322 989 1507 1059 putat,
1526 988 1714 1039 tactus
1741 989 1801 1040 et
1830 1001 1960 1064 ocu-

265 1061 474 1120 lorum.
559 1061 710 1122 Nam
745 1060 882 1121 solis
915 1068 975 1120 et
1001 1062 1217 1120 candor
1248 1061 1525 1123 illustrior
1556 1069 1643 1120 est
1671 1079 1842 1139 quam
1876 1062 1960 1125 ul·

264 1141 423 1200 lius'
407 1142 574 1219 igme,
601 1142 816 1220 quippe
846 1142 946 1234 qui
972 1142 1260 1200 immenso
1285 1142 1505 1202 mundo
1534 1150 1656 1200 tam
1684 1142 1855 1220 longe
1883 1141 1960 1200 la-

265 1229 443 1315 teque
475 1222 771 1294 colluceat,
803 1229 862 1280 et
893 1223 944 1281 is
975 1223 1101 1280 eius
1133 1220 1321 1282 tactus
1348 1229 1453 1294 est,
1482 1241 1601 1279 non
1642 1229 1711 1280 ut
1740 1222 1959 1300 tepefa-

267 1301 386 1362 ciat
406 1302 610 1373 solum,
632 1302 736 1360 sed
755 1303 930 1360 etiam
951 1321 1121 1380 saepe
1143 1303 1460 1362 comburat.
1536 1301 1793 1372 Quorum
1823 1321 1957 1360 neu

265 1388 426 1440 trum
439 1383 677 1452 faceret,
698 1382 810 1443 nisi
837 1382 1227 1460 esset1gneus
1302 1381 1539 1458 “Ergo”
1563 1382 1956 1459 inquit“cum

268 1462 356 1520 sol
389 1463 594 1540 igneus
627 1463 703 1520 sit
735 1461 1066 1540 Oceanique
1099 1462 1285 1522 alatur
1322 1462 1637 1534 umoribuS,
1670 1463 1805 1539 quia
1834 1462 1959 1519 nul-

267 1541 403 1599 lus
388 1543 540 1619 ignis
568 1543 691 1599 sine
717 1549 887 1620 pastu
919 1543 1115 1635 aliquo
1144 1543 1329 1621 possit
1356 1561 1704 1620 permanere,
1729 1561 1959 1600 necesse

267 1629 358 1680 est
383 1629 486 1680 aut
518 1622 572 1681 ei
593 1622 804 1683 similis
837 1622 914 1679 sit
941 1623 1079 1715 igni,
1107 1641 1279 1700 quem
1296 1621 1653 1680 adhibemus
1686 1623 1761 1680 ad
1789 1641 1959 1680 usum

269 1709 446 1781 atquc
479 1702 554 1760 ad
585 1702 820 1772 victum,
845 1709 946 1760 aut
977 1703 1048 1775 ei,
1074 1703 1173 1780 qui
1207 1702 1543 1780 corporibus
1577 1702 1957 1760 animantium

267 1783 614 1845 continetur.
693 1787 794 1840 41.
832 1782 1017 1860 Atqui
1049 1782 1146 1841 hic
1182 1793 1377 1842 noster
1408 1783 1578 1859 ignis,
1610 1802 1779 1860 quem
1824 1802 1959 1841 usus

267 1864 422 1921 vitae
462 1860 717 1941 requirit,
747 1863 1046 1923 confector
1078 1870 1166 1921 est
1198 1870 1257 1921 et
1289 1870 1665 1940 consumptor
1698 1864 1961 1921 omnium

267 1943 558 2020 idemque,
580 1962 944 2020 quocumque
963 1943 1191 2015 invasit,
1208 1951 1415 2000 cuncta
1442 1942 1727 2001 disturbat
1754 1962 1819 2001 ac
1848 1943 1957 2000 dis-

268 2023 438 2100 sipat.
523 2022 746 2081 Contra
770 2022 866 2083 ille
899 2042 1207 2099 corporeus
1234 2022 1425 2079 vitalis
1458 2029 1517 2081 et
1544 2022 1807 2087 salutaris
1840 2043 1961 2080 om-

267 2104 368 2161 nia
399 2109 714 2174 conservat,
739 2102 860 2173 alit,
882 2111 1071 2179 auget,
1105 2103 1350 2161 sustinet
1383 2122 1665 2180 sensuque
1706 2102 1916 2163 adficit.
1922 2103 1956 2131 ”

269 2182 465 2259 Negat
497 2200 635 2260 ergo
678 2202 800 2241 esse
833 2182 1074 2241 dubium
1109 2182 1367 2241 horum
1351 2183 1575 2260 ignium
1619 2183 1703 2242 sol
1740 2184 1857 2241 utri
1888 2184 1960 2243 si-

267 2263 426 2323 milis
459 2264 550 2352 sit,
574 2282 706 2321 cum
735 2264 786 2320 is
819 2276 1048 2340 quoque
1081 2262 1291 2322 efficiat
1316 2271 1383 2325 ut
1410 2263 1606 2321 omnia
1631 2263 1874 2323 floreant
1900 2270 1960 2322 et

268 2344 332 2401 in
361 2363 466 2401 suo
495 2342 757 2421 quaeque
781 2360 988 2421 genere
1017 2343 1347 2420 pubescant.
1418 2343 1547 2413 Qua
1571 2364 1633 2401 re
1661 2363 1793 2401 cum
1822 2344 1959 2403 solis

267 2424 424 2500 ignis
455 2423 660 2481 similis
701 2442 897 2481 eorum
932 2424 1157 2499 ignium
1192 2423 1283 2495 sit,
1316 2424 1437 2501 qui
1448 2432 1583 2482 sunt
1615 2424 1675 2481 in
1710 2425 1960 2502 corpori·

268 2503 380 2561 bus
407 2503 805 2574 animantium,
827 2502 1005 2561 solem
1029 2522 1257 2581 quoque
1278 2504 1630 2561 animantem
1653 2523 1772 2561 esse
1795 2524 1962 2582 opor-

269 2590 376 2655 tet,
400 2590 459 2641 et
485 2583 743 2661 quidem
755 2582 974 2664 reliqua
1004 2591 1171 2654 astra,
1197 2603 1341 2661 quae
1376 2584 1631 2641 oriantur
1663 2584 1722 2641 in
1758 2584 1959 2642 ardore

270 2662 520 2734 caelesti,
541 2664 641 2740 qui
668 2662 864 2728 aether
879 2657 972 2721 vel
1001 2664 1221 2721 caelum
1249 2663 1596 2723 nominatur.
1682 2669 1776 2721 42.
1808 2663 1959 2722 Cum

270 2743 432 2801 enim
458 2742 700 2801 aliorum
729 2744 1112 2803 animantium
1146 2751 1307 2801 ortus
1334 2744 1395 2800 in
1424 2750 1575 2801 terra
1600 2743 1691 2815 sit,
1716 2744 1959 2801 aliorum

269 2822 335 2880 in
376 2841 540 2900 aqua,
575 2823 638 2880 in
679 2829 811 2881 aere
851 2821 1113 2895 aliorum,
1143 2822 1454 2881 absurdum
1496 2843 1617 2881 esse
1657 2787 1960 2881 Aristoteli

271 2901 549 2960 videtur
534 2921 596 2960 m
629 2922 696 2961 ea
727 2909 907 2980 parte,
932 2921 1077 2980 quae
1112 2902 1189 2960 sit
1222 2903 1295 2961 ad
1322 2902 1616 2979 gignenda
1646 2903 1962 2961 animantia

271 2981 588 3060 aptissima,
619 2981 830 3040 animal
863 2982 1027 3059 gigni
1067 2981 1291 3039 nullum
1324 2990 1543 3058 putare.
1628 2981 1829 3037 Sidera
1868 3002 1963 3037 au-

271 3068 396 3120 tem
429 3062 749 3120 aetherium
782 3061 972 3119 locum
1009 3060 1292 3132 obtinent,
1314 3062 1415 3136 qui
1448 3060 1721 3134 quoniam
1754 3060 1965 3115 tenuis·

275 3140 457 3199 simus
499 3148 589 3199 est
632 3147 692 3199 et
733 3158 960 3215 semper
999 3140 1253 3215 agitatur
1292 3146 1353 3195 et
1384 3138 1558 3212 viget,
1589 3155 1818 3193 necesse
1859 3144 1961 3207 est,

276 3219 728 3345 quodeanimal
713 3239 774 3276 m
807 3238 878 3277 eo
910 3218 1199 3295 gignatur,
1222 3217 1286 3274 id
1312 3223 1373 3273 et
1399 3234 1565 3272 sensu
1600 3214 1875 3271 acerrimo
1908 3222 1967 3270 et
