2199 3546
204 159 326 213 188.
555 162 560 169 '
695 166 700 171 ”
725 156 826 207 DE
857 156 1363 209 D1V1NA'1‘10NE.
1472 170 1481 175 ·

291 261 426 321 117.
452 257 589 330 Quo
623 258 804 319 modo
846 266 1040 317 autem
1081 267 1183 317 aut
1214 266 1372 316 vates
1404 264 1505 315 aut
1538 258 1890 318 somniantes

199 362 268 403 ea.
309 342 558 411 videant,
597 358 741 418 quae
789 358 1071 416 nusquam
1114 339 1288 395 etiam
1330 334 1469 396 tunc
1511 339 1647 409 sint‚·
1680 336 1927 417 magna'

201 420 463 501 quaestio
510 426 612 479 est.
673 418 815 477 'Sed
855 418 1149 496 explorata
1198 418 1245 475 si
1289 418 1405 475 sint
1446 437 1528 489 ea,
1561 438 1706 495 quae
1753 428 1889 478 ante

201 500 399 579 quaeri
440 499 704 571 debeant,
729 500 844 557 sint
875 498 1033 570 haec,
1055 518 1199 575 quae
1242 498 1584 575 quaerimuS,
1610 498 1885 558 faciliora.

200 578 478 639 Continet
497 579 652 638 enim
673 585 859 637 totam
879 578 1027 636 hanc
1054 578 1447 656 quaestionem
1469 597 1536 635 ea
1555 578 1720 650 ratic,
1742 598 1888 657 quae

199 667 288 719 est
316 660 388 719 de
416 666 620 717 natura
646 659 903 730 deorum,
925 677 1070 735 quae
1091 677 1127 715 a
1152 666 1211 716 te
1240 657 1490 736 secundo
1512 657 1659 715 libro
1689 666 1776 717 est
1796 678 1889 717 ex·

199 740 412 818 plicata
452 739 717 810 dilucide.
802 737 989 807 Quam
1031 738 1082 794 si
1125 737 1469 808 obtinemuS,
1498 737 1695 796 stabit·
1723 738 1883 811 illud,

201 819 360 897 quod
398 818 552 878 hunc
593 817 786 876 locum
827 817 1102 888 continet,
1134 817 1206 874 de
1249 835 1364 893 quo
1407 818 1664 895 agimus:
1711 818 1885 877 “esse

199 899 344 957 deos‘
361 905 420 957 et
439 918 638 957 eorum
658 897 1023 976 providentia
1041 897 1323 955 mundum
1354 896 1738 955 administrari
1766 917 1886 955 eos-

199 978 460 1057 demque·
479 978 773 1037 consulere
804 978 975 1036 rebus
1000 976 1269 1035 humanis
1301 996 1406 1034 nec
1440 976 1627 1035 solum
1660 978 1885 1037 univer-

199 1058 294 1127 sis,
317 1077 516 1116 verum
556 1057 732 1115 etiam
774 1055 1068 1133 singulis.’'
1154 1056 1315 1114 Haec
1354 1057 1403 1114 si
1434 1064 1715 1129 tenemus,
1740 1077 1885 1135 quae

197 1138 346 1195 mihi
387 1138 620 1216 quidem
661 1156 780 1195 non
813 1136 1081 1195 videntur
1122 1155 1290 1214 posse
1332 1137 1591 1209 convelli,
1615 1138 1881 1215 profecto

198 1216 532 1276 hominibus
563 1237 600 1275 a
625 1216 716 1274 dis
741 1216 940 1275 futura
971 1216 1280 1294 significari
1308 1236 1537 1275 necesse
1568 1226 1671 1275 est.
1755 1217 1881 1275 LII.

201 1303 334 1356 118.
354 1297 473 1356 Sed
489 1296 963 1373 distinguendum
976 1297 1205 1355 videtur
1222 1315 1471 1374 quonam
1494 1298 1687 1357 modo,
1732 1297 1883 1355 Nam

197 1396 318 1435 non
349 1376 539 1456 placet
571 1376 782 1435 Stoicis
815 1375 1056 1454 singulis
1090 1377 1344 1434 iecorum
1377 1376 1524 1435 fissis
1557 1385 1658 1434 aut
1690 1378 1881 1437 avium

198 1457 462 1516 cantibus
493 1457 765 1515 interesse
807 1456 1014 1515 deum:
1057 1476 1243 1535 neque
1286 1457 1439 1513 enim
1482 1457 1752 1515 decorum
1796 1466 1885 1516 est

198 1557 304 1596 nec
335 1538 426 1596 dis
458 1537 702 1614 dignum
735 1555 841 1595 nec
867 1536 991 1595 fieri
1023 1536 1143 1594 ullo
1172 1542 1343 1614 pacto
1372 1544 1581 1613 potest,
1606 1538 1705 1595 sed
1737 1537 1819 1595 ita
1851 1557 1885 1595 a

198 1617 483 1696 principio
523 1616 861 1676 incohatum
902 1636 1024 1675 esse
1065 1618 1366 1687 mundum,
1397 1625 1463 1674 ut
1504 1618 1673 1675 certis
1714 1618 1921 1675 rebus·

197 1704 352 1755 certa
377 1697 544 1775 signa
569 1704 1010 1776 praecurrerent,
1030 1695 1143 1754 alia
1168 1697 1226 1753 in
1258 1698 1418 1767 extis,
1440 1696 1549 1754 alia
1576 1698 1633 1753 in
1665 1697 1880 1766 avibus»,

197 1777 310 1835 alia.
339 1779 400 1836 in
429 1777 775 1855 fulguribUS‚
797 1778 910 1835 alia
941 1778 999 1834 in
1036 1778 1296 1849 ostentiS,
1320 1778 1433 1834 alia
1464 1778 1522 1834 in
1559 1778 1753 1849 stelliS,
1773 1779 1884 1836 alia

197 1857 258 1915 iu
288 1858 701 1916 somniantium
728 1859 882 1930 visiS,
901 1858 1012 1916 alia
1039 1857 1099 1915 in
1128 1857 1445 1916 furentium
1475 1857 1725 1916 vocibus,
1800 1858 1885 1915 Ea

199 1937 408 2015 quibus
447 1937 592 1996 bene
633 1945 904 2016 percepta
943 1944 1094 2008 sunt,
1132 1937 1172 1994 ii
1215 1957 1331 1995 non
1376 1957 1545 2015 saepe
1586 1938 1878 1997 falluntur.

199 2017 349 2076 Male
389 2019 650 2076 coniecta
689 2018 950 2095 maleque
992 2019 1365 2094 interpretata
1402 2017 1549 2075 falsa
1588 2025 1739 2090 sunt,
1764 2037 1878 2075 non

197 2117 388 2156 rerum
411 2098 571 2168 viti-o,
591 2097 693 2155 sed
719 2098 1098 2175 interpretum
1126 2097 1441 2156 inscientia.
1527 2097 1660 2154 Hoc
1687 2104 1881 2155 autem

197 2179 393 2256 posito
433 2183 608 2255 atque
648 2196 935 2247 concesso,
960 2196 1081 2235 esse
1138 2177 1423 2254 quandam
1468 2178 1585 2232 vim
1629 2178 1883 2236 divinam

197 2256 503 2315 hominum
537 2257 715 2314 vitam
757 2256 1167 2327 continentem,
1192 2275 1309 2313 non
1343 2254 1573 2313 difficile
1606 2262 1711 2326 est,
1736 2274 1883 2332 quae

197 2336 322 2395 fieri
361 2343 514 2395 certe
554 2335 834 2407 videmus,
871 2355 938 2393 ea
985 2355 1099 2413 qna
1144 2335 1364 2393 ratione
1404 2335 1547 2392 fiant
1588 2335 1878 2413 suspicari.

198 2416 352 2474 Nam
384 2423 445 2475 et
476 2415 550 2474 ad
584 2415 830 2473 hostiam
865 2415 1229 2493 deligendam
1264 2421 1457 2492 potest
1489 2415 1606 2472 dux
1640 2433 1763 2472 csse
1795 2415 1883 2472 vis

199 2496 481 2573 quaedam
523 2495 789 2567 sentienS,
815 2514 960 2572 quae
994 2502 1083 2553 est
1113 2501 1241 2553 toto
1283 2495 1523 2553 confusa
1562 2495 1799 2566 mund0‚
1824 2502 1885 2553 et

197 2582 325 2634 tum
358 2577 566 2654 ipsum,
591 2594 722 2633 cum
755 2575 1054 2634 immolare
1080 2574 1236 2646 velie,
1262 2581 1522 2632 extorum
1549 2573 1673 2632 fieri
1701 2581 1886 2632 muta-

197 2655 284 2714 tio
316 2663 527 2734 potest,
552 2662 618 2714 ut
649 2661 749 2714 aut
789 2654 941 2713 absit
980 2655 1201 2732 aliquid
1240 2661 1340 2712 aut
1372 2655 1649 2730 supersit:
1693 2655 1885 2732 parvis

199 2736 355 2795 enim
385 2736 698 2794 momentis
723 2735 909 2794 multa
933 2741 1139 2792 natura
1170 2740 1270 2792 aut
1297 2733 1541 2812 adfingit
1568 2741 1670 2792 aut
1694 2740 1885 2792 mutat

199 2823 300 2874 aut
321 2815 586 2875 detrahit,
659 2822 686 2873 1
699 2822 789 2873 19.
815 2814 988 2884 Quod
1008 2834 1081 2872 ne
1104 2813 1365 2872 dubitare
1386 2814 1687 2891 possimus,
1706 2813 1885 2870 maxi-

197 2915 297 2955 mo
318 2903 407 2954 est
427 2901 765 2972 argumento
789 2895 947 2972 quod
963 2893 1137 2972 paulo
1158 2901 1290 2952 ante
1307 2893 1605 2952 interitum
1627 2893 1884 2951 Caesaris

198 2975 479 3053 contigit:
525 2975 623 3052 qui
645 2993 776 3032 cum
797 2975 1122 3032 immolaret
1143 2973 1243 3030 illo
1277 2973 1389 3043 die,
1412 2993 1525 3050 quo
1548 2974 1798 3049 primum
1821 2973 1881 3029 in

199 3055 336 3113 sella
365 3073 536 3113 aurea
568 3054 718 3113 sedit
751 3060 809 3113 et
842 3073 973 3112 cum
1006 3072 1295 3132 purpurea
1321 3061 1476 3110 veste
1504 3053 1797 3129 processit,
1821 3053 1883 3108 in

198 3135 346 3192 extis
377 3134 542 3192 bovis
577 3134 762 3212 opimi
794 3153 894 3192 cor
924 3153 1040 3190 non
1075 3134 1207 3190 fuit.
1294 3132 1448 3188 Num
1480 3134 1657 3209 igitur
1690 3151 1883 3190 censes

198 3212 379 3271 ullum
407 3213 616 3271 anima]
641 3212 798 3291 quod
819 3213 1155 3288 sanguinem
1179 3211 1387 3270 habeat
1414 3212 1535 3269 sine
1563 3212 1733 3270 corde
1762 3231 1883 3268 esse
