2199 3546
499 115 640 165 LlB.
669 115 765 177 11.‚
782 113 944 166 GAP.
974 107 1839 178 xxxiv.-xxxv11.,§ss-93.
1956 112 2021 167 79

323 235 457 273 mus
479 223 746 294 aspectus
763 217 970 275 mundi
991 217 1447 288 conturbaverat,
1466 225 1683 296 postea,
1700 237 1832 276 cum
1856 218 2029 276 vidis-

325 305 455 354 sent
485 303 685 354 motus
716 297 838 355 eius
867 297 1062 355 finitos
1097 306 1159 355 et
1184 298 1509 375 aequabiles
1542 299 1851 376 omniaque
1884 299 2025 356 ratis

233 403 241 408 ·
325 377 630 434 ordinibus
657 377 956 435 moderata
976 377 1440 455 immutabilique
1462 379 1785 435 constan-tia
1804 378 2023 436 intelle-

324 477 460 533 gere
495 459 680 515 inesse
723 456 973 536 aliquem
1015 477 1135 514 non
1180 457 1366 515 solum
1401 457 1782 516 habitatorem
1818 459 1880 515 in
1912 458 2022 516 hac

325 537 558 595 caelesti
593 557 658 595 ac
691 537 889 595 divina
919 538 1116 609 dom0‚
1148 539 1250 596 sed
1284 539 1457 596 etiam
1498 545 1774 596 rectorem
1810 545 1869 596 et
1900 557 2023 596 mo·-

323 617 660 675 deratorem·
682 626 741 676 et
766 625 1066 695 tamquam
1097 617 1475 676 architectum
1505 618 1655 676 tanti
1684 618 1873 695 operis
1898 625 2022 676 tan-

324 697 488 774 tique
531 698 798 756 mu'neriS.
885 697 1177 757 XXXVI.
1216 697 1385 755 Nunc
1419 705 1611 755 autem
1647 696 1795 754 mihi
1828 697 2022 755 viden-

269 792 283 795 ⁷
321 784 421 834 tur
447 797 520 834 ne
551 778 825 854 suspicari
857 779 1091 856 quidem
1122 771 1338 855 qua'nta
1365 778 1441 836 sit
1462 777 1875 836 admirabilitas
1901 795 2022 835 cae—

321 856 558 914 lestium
588 877 776 914 rerum
804 866 977 934 atque
1003 858 1377 916 terrestrium.

406 943 502 994 91.
536 937 832 1015 Principio
861 939 1018 995 enim
1044 945 1196 995 terra
1223 938 1335 996 sita
1362 938 1423 994 in
1451 937 1643 996 media
1668 943 1831 1014 parte
1858 955 2022 994 mun-

321 1015 385 1073 di
404 1017 754 1075 circumfusa
772 1019 1029 1095 undique
1053 1025 1140 1076 est
1157 1017 1263 1075 hac
1284 1017 1517 1075 animali
1536 1017 1904 1094 spirabilique
1924 1036 2021 1074 na-

321 1103 470 1166 tura,
501 1098 595 1154 cui
629 1116 840 1155 nomen
877 1108 964 1155 est
999 1102 1115 1168 aer,
1140 1097 1422 1156 Graecum
1456 1097 1601 1155 illud
1635 1097 1887 1174 quidem,
1920 1097 2021 1155 sed

321 1184 662 1254 perceptum
684 1178 799 1234 iam
815 1185 1018 1236 'tamen
1046 1198 1153 1235 usu
1183 1197 1218 1234 a
1244 1178 1454 1236 nostris
1474 1178 1726 1236 :tritum
1754 1183 1843 1235 est
1862 1175 2019 1234 enim

321 1275 430 1332 pro
461 1257 686 1315 Latino,
766 1257 942 1314 Hunc
969 1277 1163 1315 rursus
1196 1258 1563 1336 amplectitur
1588 1259 1903 1316 immensus
1931 1271 2021 1314 ae·

321 1336 470 1408 ther,
503 1337 603 1412 qui
645 1343 874 1394 constat
905 1357 974 1395 ex
1017 1338 1309 1396 altissimis
1350 1338 1596 1416 ignibus.
1682 1338 2018 1396 Mutuemur

322 1413 438 1473 hoc
473 1436 701 1494 quoque
731 1417 966 1475 verbum
1003 1418 1340 1496 dicaturque
1374 1429 1493 1496 tam
1530 1419 1565 1446 “
1584 1417 1781 1476 aether
1798 1417 1831 1444 ”
1868 1417 2020 1475 Lati·

324 1515 414 1567 ne,
445 1504 615 1573 q‘uam
649 1497 862 1555 dicitur
888 1505 1004 1570 aer,
1027 1499 1136 1556 etsi
1165 1498 1572 1576 interpretatur
1598 1497 1915 1556 Pacuvius:

353 1642 485 1702 IIoc,
505 1642 641 1705 quod
669 1657 906 1704 memore,
925 1643 1081 1691 nostri
1110 1619 1319 1704 caelum,
1340 1643 1459 1692 Grai
1488 1643 1745 1706 perhibent
1770 1641 1993 1704 aethera,

325 1779 489 1857 quasi
521 1798 652 1835 vero
688 1798 804 1836 non
840 1779 1046 1837 Graius
1079 1780 1193 1836 hoc
1228 1778 1397 1837 dieat.
1483 1778 1567 1836 At
1604 1777 1805 1836 Latine
1838 1778 2020 1857 loqui-

323 1865 437 1916 tur.
523 1858 584 1915 Si
630 1858 863 1937 quidem
907 1879 1014 1917 nos
1055 1878 1171 1917 non
1218 1860 1379 1937 quasi
1422 1858 1636 1939 Graece
1683 1858 2017 1937 loquentem

323 1938 643 1996 audiamus,
729 1938 920 1997 Docet
947 1940 1101 1997 idem
1132 1939 1244 1997 alio
1274 1938 1436 1996 loco:

591 2076 906 2140 Gminrgena:
947 2076 1010 2127 de
1035 2076 1161 2126 istoc
1188 2077 1347 2140 aperit
1376 2077 1483 2139 ipsa
1510 2076 1685 2126 oratio·

324 2220 419 2272 92.
457 2213 574 2271 Sed
603 2214 926 2271 ad‘maiora
951 2215 1267 2272 redeamuS.
1353 2214 1441 2271 Ex
1470 2214 1699 2273 aethere
1726 2214 1906 2293 igitur
1932 2216 2018 2274 in-

321 2294 704 2351 numerabiles
736 2292 1002 2351 flammae
1037 2296 1285 2352 siderum
1324 2294 1622 2366 exsistunt,
1650 2314 1892 2373 quorum
1928 2304 2017 2354 est

320 2375 591 2451 princeps
619 2374 703 2431 sol
733 2375 929 2432 omnia
956 2374 1269 2433 clarissima
1289 2374 1413 2433 luce
1442 2375 1794 2446 collustran3‚
1816 2376 2015 2434 multis

321 2454 800 2531 partibusmaior
831 2463 1002 2532 atque
1043 2454 1290 2531 amplior
1323 2471 1495 2531 quam
1529 2463 1679 2513 terra
1720 2456 2013 2514 universa:

320 2534 534 2591 deinde
561 2534 780 2612 reliqua
807 2535 992 2591 sidera
1013 2534 1511 2610 magnitudinibus
1532 2535 1843 2593 immensis
1907 2535 2016 2593 At-

323 2632 436 2690 que
465 2614 528 2670 hi
555 2615 703 2672 tanti
733 2614 898 2691 ignes
922 2622 1161 2691 tamque
1190 2614 1357 2671 multi
1387 2633 1502 2672 non
1531 2615 1710 2673 modo
1739 2614 1883 2673 nihil
1914 2635 2015 2674 no-

321 2701 456 2750 cent
485 2694 649 2751 terris
684 2693 966 2771 rebusque
998 2694 1378 2766 terrestribUS,
1404 2694 1504 2751 sed
1532 2694 1615 2751 ita
1642 2702 1901 2772 prosunt,
1926 2703 2009 2768 ut,

323 2774 372 2829 si
395 2782 555 2830 mota
575 2774 704 2831 loeo
733 2774 864 2844 sint,
885 2774 1235 2851 conflagrare
1263 2781 1441 2831 terras
1470 2792 1697 2831 necesse
1726 2776 1803 2832 sit
1829 2793 1865 2831 a
1888 2782 2013 2832 tan-

323 2854 401 2909 tis
429 2852 726 2910 ardoribus
753 2855 1149 2911 moderatione
1178 2861 1237 2911 et
1266 2854 1679 2929 temperatione
1709 2853 1946 2912 sublata.

407 2932 726 2990 XXXVII.
785 2939 878 2991 93.
903 2934 1020 2991 Hic
1043 2952 1153 3010 ego
1174 2952 1292 2990 non
1316 2934 1488 2989 mirer
1514 2950 1635 2989 esse
1665 2948 2012 3009 quemquam

325 3010 428 3088 qui
450 3012 561 3068 sibi
581 3013 918 3087 persuadeat
945 3030 1187 3088 corpora
1216 3012 1496 3087 quaedam
1525 3010 1709 3066 solida
1735 3016 1907 3085 atque
1927 3011 2013 3067 in-

325 3091 566 3148 dividua
593 3091 650 3147 vi
677 3098 736 3147 et
763 3092 1042 3167 gravitate
1070 3091 1209 3147 ferri
1242 3089 1639 3162 mundumque
1673 3086 1820 3143 effici
1852 3106 2015 3145 orna-

326 3172 620 3229 tissimum
651 3177 711 3227 et
736 3170 1184 3247 pulcherrimum
1212 3186 1284 3225 ex
1312 3184 1511 3224 eorum
1546 3184 1845 3239 corporum
1883 3184 2014 3222 con-
