2199 3546
730 167 889 218 CAP.
915 167 1127 218 XVIII.
1134 167 1311 230 -XX.,
1337 166 1365 227 §
1393 168 1573 217 42—48.
1899 169 1997 218 269

305 268 547 328 tendum
576 287 697 326 esse
723 267 850 327 fato
876 267 1002 327 fieri
1023 269 1249 328 omnia:
1284 286 1354 327 ex
1376 287 1491 346 quo
1513 267 1682 327 facile
1704 263 1997 350 intellectu

307 359 408 421 est,
442 350 715 426 quoniam
755 349 985 427 utrique
1024 349 1318 427 patefacta
1356 357 1529 426 atque
1562 348 1843 426 explicata
1876 343 1997 406 sen-

304 431 488 488 tentia
515 449 618 487 sua
644 429 718 488 ad
747 430 994 489 eundem
1017 431 1237 488 exitum
1258 429 1506 500 veniant,
1526 428 1713 487 verbis
1742 447 1857 500 eOS,
1876 447 1995 486 non

305 529 366 568 re
400 510 688 569 dissidere.
775 515 869 568 45.
914 509 1286 586 Omninoque
1319 528 1451 567 cum
1486 508 1625 566 haec
1660 509 1736 566 sit
1763 508 1997 566 distinc—

304 591 408 662 tio,
433 596 501 649 ut
532 591 874 668 quibusdam
903 590 964 647 in
993 589 1163 647 rebus
1196 608 1324 647 vere
1358 588 1474 647 dici
1502 589 1703 666 possit,
1726 608 1858 646 cum
1886 587 1995 646 hae

305 689 508 728 causae
541 678 898 746 antegressae
931 670 1064 741 sint,
1094 688 1213 727 non
1248 688 1369 727 esse
1396 668 1457 726 in
1486 675 1683 726 nostra
1709 674 1996 744 potestate

305 750 446 827 quin
475 749 574 805 illa
601 750 882 820 eveniant,
905 769 1149 827 quorum
1172 768 1374 806 causae
1395 749 1629 820 fuerint,
1652 747 1993 825 quibusdam

304 837 500 887 autem
541 829 603 885 in
645 829 812 886 rebus
855 829 1038 886 causis
1078 829 1423 906 antegressis
1462 829 1523 886 in
1566 836 1762 885 nostra
1801 834 1995 885 tamen

305 929 427 968 esse
462 915 748 986 potestate
782 916 847 966 ut
875 909 1020 966 illud
1040 908 1205 967 aliter
1237 909 1478 981 eveniat,
1502 908 1650 966 hanc
1678 907 1997 965 distinctio-

305 1008 439 1047 nem
474 989 703 1066 utrique
736 988 1074 1066 approbant,
1102 989 1204 1046 sed
1230 989 1394 1047 alteri
1423 995 1673 1059 censent,
1698 987 1907 1065 quibus
1934 987 1993 1044 in

304 1069 474 1127 rebus
503 1088 631 1127 cum
664 1088 862 1126 causae
885 1069 1307 1141 antecesserint,
1331 1089 1449 1126 non
1474 1070 1549 1127 sit
1571 1069 1630 1126 in
1653 1076 1849 1126 nostra
1870 1073 1995 1144 pot-

305 1157 502 1221 est-ate,
525 1156 593 1208 ut
612 1149 784 1208 ‘aliter
810 1149 908 1208 illa
941 1150 1222 1222 eveniant,
1247 1170 1341 1208 eas
1369 1151 1495 1208 fato
1520 1148 1677 1206 fieri:
1722 1167 1867 1226 quae
1900 1167 1997 1205 au-

303 1237 423 1288 tem
466 1230 526 1288 in
569 1236 768 1288 nostra
811 1238 1097 1307 potestate
1144 1231 1275 1301 sint,
1306 1230 1378 1287 ab
1421 1231 1494 1287 iis
1534 1230 1722 1286 fatum
1764 1227 1992 1286 abesse:

305 1310 468 1367 alteri
497 1309 698 1367 volunt
725 1330 759 1366 a
787 1310 954 1367 rebus
981 1311 1169 1367 fat-um
1201 1329 1371 1366 omne
1400 1309 1650 1385 relegari.

813 1405 850 1443 ‹se-
1133 1404 1170 1441 ιιι
1452 1403 1489 1440 ιιι
1770 1404 1807 1441 ιιι

385 1468 524 1526 ΧΧ.
626 1472 719 1525 46.
781 1468 912 1527 Hoc
968 1467 1145 1524 modo
1201 1467 1350 1524 hanc
1404 1486 1631 1525 causam
1688 1467 1997 1545 disceptari

301 1555 553 1626 oportet,
575 1567 692 1607 non
722 1547 794 1605 ab
823 1548 1032 1606 atomis
1060 1547 1379 1622 errantibus
1408 1554 1466 1606 et
1495 1547 1567 1606 de
1594 1548 1688 1604 via
1714 1547 1996 1605 declinan-

305 1629 462 1687 tibus
502 1636 696 1707 petere
737 1629 1102 1706 praesidium.
1187 1627 1471 1699 Declinat,
1506 1628 1714 1705 inquit,
1750 1633 1992 1686 atomus,

306 1709 570 1768 Primum
620 1730 756 1768 cur.
741 1711 761 1752 9
841 1708 1034 1767 Aliam
1093 1709 1248 1767 enim
1299 1708 1587 1787 quandam
1636 1707 1753 1765 vim
1800 1714 1997 1764 motus

307 1789 602 1848 habebunt
629 1810 664 1847 a
690 1791 1026 1848 Democrito
1050 1790 1473 1866 impulsioniS,
1452 1808 1621 1867 quam
1647 1789 1876 1870 plagam
1898 1788 1995 1847 ille

307 1869 573 1947 appellat,
598 1889 633 1926 a
659 1876 734 1940 te,
758 1868 1023 1946 Epicure,
1047 1869 1346 1946 gravitatis
1380 1877 1438 1926 et
1465 1868 1751 1945 ponderis.
1836 1867 1997 1937 Quae

307 1969 446 2027 ergo
475 1969 624 2007 nova
650 1968 819 2007 causa
839 1950 901 2006 in
921 1956 1127 2006 natura
1152 1956 1241 2006 est
1267 1967 1415 2025 quae
1435 1948 1684 2006 declinet
1704 1957 1992 2006 atomum.
1976 1950 1997 1991 9

307 2037 410 2088 aut
435 2049 576 2087 num
606 2029 922 2087 sortiuntur
942 2029 1094 2086 inter
1122 2048 1181 2085 se
1211 2047 1355 2105 quae
1385 2028 1647 2099 declinet,
1670 2048 1814 2105 quae
1840 2047 1992 2086 non.
1976 2030 1997 2071 9

251 2120 261 2127 “
307 2116 410 2167 aut
457 2129 558 2167 cur
599 2109 844 2166 minimo
895 2108 1187 2167 declinent
1229 2107 1547 2175 interva110‚
1580 2110 1793 2166 maiore
1840 2110 1997 2167 non?

308 2196 410 2247 aut
437 2209 538 2248 cur
565 2189 854 2248 declinent
880 2207 997 2248 uno
1026 2188 1289 2260 minim0,
1310 2208 1426 2246 non
1457 2189 1744 2247 declinent
1771 2188 1997 2246 duobus

309 2278 409 2328 aut
441 2270 662 2329 tribus?
741 2269 959 2348 Optare
991 2269 1103 2327 hoc
1137 2269 1372 2348 quidem
1406 2278 1509 2341 est,
1534 2288 1651 2326 non
1686 2268 1993 2347 disputare.

309 2351 404 2409 47.
450 2351 602 2410 Nam
635 2370 822 2430 neque
855 2351 1206 2410 extrinsecus
1239 2349 1544 2427 impulsam
1580 2356 1839 2407 atomum
1868 2348 1997 2407 loco

307 2433 526 2489 moveri
570 2439 629 2490 et
673 2432 954 2490 declinare
999 2432 1161 2503 dicis,
1200 2450 1386 2509 neque
1431 2431 1491 2488 in
1535 2428 1635 2488 illo
1679 2429 1854 2500 inani,
1893 2447 1998 2506 per

309 2510 468 2586 quod
495 2511 713 2569 feratur
744 2518 988 2583 atomus,
1013 2512 1320 2603 quicquam
1356 2510 1536 2568 fuisse
1568 2527 1769 2567 causae
1803 2527 1904 2566 cur
1930 2527 1997 2566 ea

309 2607 427 2644 non
457 2608 488 2645 e
516 2590 750 2665 regione
779 2590 1039 2661 ferretur,
1063 2609 1169 2647 nec
1199 2590 1254 2647 in
1280 2590 1407 2665 ipsa
1433 2597 1629 2647 atomo
1658 2588 1997 2647 mutationis

310 2668 528 2744 aliquid
555 2670 775 2727 factum
809 2676 896 2727 est
931 2688 1104 2747 quam
1138 2669 1213 2727 ob
1246 2688 1366 2726 rem
1394 2668 1710 2727 naturalem
1740 2668 1829 2726 sui
1856 2687 1999 2743 pon-

311 2746 461 2803 deris
490 2754 715 2805 motum
743 2767 859 2805 non
889 2754 1123 2806 teneret.
1209 2748 1302 2805 Ita
1322 2768 1451 2807 cum
1475 2748 1760 2807 attulisset
1780 2747 1996 2805 nullam

311 2844 537 2883 causam
568 2846 714 2903 quae
734 2828 902 2884 istam
925 2826 1371 2885 declinationem
1400 2828 1660 2898 efficeret,
1684 2835 1877 2886 tamen
1901 2828 1999 2886 ali-

313 2906 452 2983 quid
482 2905 592 2963 sibi
621 2906 807 2964 dicere
839 2906 1084 2979 videtur,
1110 2926 1241 2965 cum
1270 2908 1334 2965 id
1361 2908 1515 2966 dicat
1549 2908 1707 2985 quod
1735 2908 1997 2966 omnium

309 2992 533 3043 mentes
563 2994 936 3063 aspernentur
956 3006 1020 3045 ac
1043 2994 1329 3065 respuant.
1415 2993 1508 3046 48.
1546 2988 1603 3045 N
1605 3007 1668 3045 ec
1690 3006 1825 3045 vero
1848 2988 1998 3066 quis-

313 3085 485 3144 quam
519 3068 703 3145 magis
737 3065 1070 3126 confirmare
1106 3066 1251 3125 mihi
1283 3067 1511 3125 videtur
1542 3086 1659 3125 non
1695 3067 1873 3124 modo
1914 3067 1998 3125 fa-

311 3154 455 3220 tum,
485 3167 682 3207 verum
725 3149 898 3207 etiam
940 3147 1337 3207 necessitatem
1372 3155 1429 3207 et
1462 3148 1579 3206 vim
1614 3146 1872 3204 omnium
1914 3166 1996 3205 re-

309 3249 438 3287 rum
460 3230 895 3355 2sustulisseque
942 3236 1138 3289 motus
1185 3229 1364 3288 animi
1412 3226 1780 3299 voluntarios,
1822 3246 1993 3305 quam
